<?xml version="1.0" encoding="UTF-8"?><BCE:Balanza xsi:schemaLocation="http://www.sat.gob.mx/esquemas/ContabilidadE/1_3/BalanzaComprobacion http://www.sat.gob.mx/esquemas/ContabilidadE/1_3/BalanzaComprobacion/BalanzaComprobacion_1_3.xsd" xmlns:xsi="http://www.w3.org/2001/XMLSchema-instance" xmlns:BCE="http://www.sat.gob.mx/esquemas/ContabilidadE/1_3/BalanzaComprobacion" Version="1.3" RFC="AAA010101AAA" Mes="01" Anio="2021" TipoEnvio="C" FechaModBal="17/04/2021" > <BCE:Ctas NumCta="100000000000" SaldoIni="0.00" Debe="0.00" Haber="0.00" SaldoFin="0.00" /><BCE:Ctas NumCta="100010000000" SaldoIni="0.00" Debe="0.00" Haber="0.00" SaldoFin="0.00" /><BCE:Ctas NumCta="100020000000" SaldoIni="0.00" Debe="0.00" Haber="0.00" SaldoFin="0.00" /><BCE:Ctas NumCta="101000000000" SaldoIni="0.00" Debe="0.00" Haber="0.00" SaldoFin="0.00" /><BCE:Ctas NumCta="101010000000" SaldoIni="0.00" Debe="0.00" Haber="0.00" SaldoFin="0.00" /><BCE:Ctas NumCta="101020000000" SaldoIni="0.00" Debe="0.00" Haber="0.00" SaldoFin="0.00" /><BCE:Ctas NumCta="101030000000" SaldoIni="0.00" Debe="0.00" Haber="0.00" SaldoFin="0.00" /><BCE:Ctas NumCta="101040000000" SaldoIni="0.00" Debe="0.00" Haber="0.00" SaldoFin="0.00" /><BCE:Ctas NumCta="101050000000" SaldoIni="0.00" Debe="0.00" Haber="0.00" SaldoFin="0.00" /><BCE:Ctas NumCta="101060000000" SaldoIni="0.00" Debe="0.00" Haber="0.00" SaldoFin="0.00" /><BCE:Ctas NumCta="101070000000" SaldoIni="0.00" Debe="0.00" Haber="0.00" SaldoFin="0.00" /><BCE:Ctas NumCta="102000000000" SaldoIni="0.00" Debe="0.00" Haber="0.00" SaldoFin="0.00" /><BCE:Ctas NumCta="102010000000" SaldoIni="0.00" Debe="0.00" Haber="0.00" SaldoFin="0.00" /><BCE:Ctas NumCta="102020000000" SaldoIni="0.00" Debe="0.00" Haber="0.00" SaldoFin="0.00" /><BCE:Ctas NumCta="102030000000" SaldoIni="0.00" Debe="0.00" Haber="0.00" SaldoFin="0.00" /><BCE:Ctas NumCta="102040000000" SaldoIni="0.00" Debe="0.00" Haber="0.00" SaldoFin="0.00" /><BCE:Ctas NumCta="102050000000" SaldoIni="0.00" Debe="0.00" Haber="0.00" SaldoFin="0.00" /><BCE:Ctas NumCta="102060000000" SaldoIni="0.00" Debe="0.00" Haber="0.00" SaldoFin="0.00" /><BCE:Ctas NumCta="102070000000" SaldoIni="0.00" Debe="0.00" Haber="0.00" SaldoFin="0.00" /><BCE:Ctas NumCta="102080000000" SaldoIni="0.00" Debe="0.00" Haber="0.00" SaldoFin="0.00" /><BCE:Ctas NumCta="102090000000" SaldoIni="0.00" Debe="0.00" Haber="0.00" SaldoFin="0.00" /><BCE:Ctas NumCta="102100000000" SaldoIni="0.00" Debe="0.00" Haber="0.00" SaldoFin="0.00" /><BCE:Ctas NumCta="102200000000" SaldoIni="0.00" Debe="0.00" Haber="0.00" SaldoFin="0.00" /><BCE:Ctas NumCta="105000000000" SaldoIni="0.00" Debe="0.00" Haber="0.00" SaldoFin="0.00" /><BCE:Ctas NumCta="105010000000" SaldoIni="0.00" Debe="0.00" Haber="0.00" SaldoFin="0.00" /><BCE:Ctas NumCta="105020000000" SaldoIni="0.00" Debe="0.00" Haber="0.00" SaldoFin="0.00" /><BCE:Ctas NumCta="105030000000" SaldoIni="0.00" Debe="0.00" Haber="0.00" SaldoFin="0.00" /><BCE:Ctas NumCta="105040000000" SaldoIni="0.00" Debe="0.00" Haber="0.00" SaldoFin="0.00" /><BCE:Ctas NumCta="105050000000" SaldoIni="0.00" Debe="0.00" Haber="0.00" SaldoFin="0.00" /><BCE:Ctas NumCta="105060000000" SaldoIni="0.00" Debe="0.00" Haber="0.00" SaldoFin="0.00" /><BCE:Ctas NumCta="105070000000" SaldoIni="0.00" Debe="0.00" Haber="0.00" SaldoFin="0.00" /><BCE:Ctas NumCta="107000000000" SaldoIni="0.00" Debe="0.00" Haber="0.00" SaldoFin="0.00" /><BCE:Ctas NumCta="107010000000" SaldoIni="0.00" Debe="0.00" Haber="0.00" SaldoFin="0.00" /><BCE:Ctas NumCta="107020000000" SaldoIni="0.00" Debe="0.00" Haber="0.00" SaldoFin="0.00" /><BCE:Ctas NumCta="107030000000" SaldoIni="0.00" Debe="0.00" Haber="0.00" SaldoFin="0.00" /><BCE:Ctas NumCta="107040000000" SaldoIni="0.00" Debe="0.00" Haber="0.00" SaldoFin="0.00" /><BCE:Ctas NumCta="107050000000" SaldoIni="0.00" Debe="0.00" Haber="0.00" SaldoFin="0.00" /><BCE:Ctas NumCta="108000000000" SaldoIni="0.00" Debe="0.00" Haber="0.00" SaldoFin="0.00" /><BCE:Ctas NumCta="108010000000" SaldoIni="0.00" Debe="0.00" Haber="0.00" SaldoFin="0.00" /><BCE:Ctas NumCta="108020000000" SaldoIni="0.00" Debe="0.00" Haber="0.00" SaldoFin="0.00" /><BCE:Ctas NumCta="108030000000" SaldoIni="0.00" Debe="0.00" Haber="0.00" SaldoFin="0.00" /><BCE:Ctas NumCta="108040000000" SaldoIni="0.00" Debe="0.00" Haber="0.00" SaldoFin="0.00" /><BCE:Ctas NumCta="108050000000" SaldoIni="0.00" Debe="0.00" Haber="0.00" SaldoFin="0.00" /><BCE:Ctas NumCta="109000000000" SaldoIni="0.00" Debe="0.00" Haber="0.00" SaldoFin="0.00" /><BCE:Ctas NumCta="109010000000" SaldoIni="0.00" Debe="0.00" Haber="0.00" SaldoFin="0.00" /><BCE:Ctas NumCta="109020000000" SaldoIni="0.00" Debe="0.00" Haber="0.00" SaldoFin="0.00" /><BCE:Ctas NumCta="109030000000" SaldoIni="0.00" Debe="0.00" Haber="0.00" SaldoFin="0.00" /><BCE:Ctas NumCta="109040000000" SaldoIni="0.00" Debe="0.00" Haber="0.00" SaldoFin="0.00" /><BCE:Ctas NumCta="109050000000" SaldoIni="0.00" Debe="0.00" Haber="0.00" SaldoFin="0.00" /><BCE:Ctas NumCta="110000000000" SaldoIni="0.00" Debe="0.00" Haber="0.00" SaldoFin="0.00" /><BCE:Ctas NumCta="110010000000" SaldoIni="0.00" Debe="0.00" Haber="0.00" SaldoFin="0.00" /><BCE:Ctas NumCta="111000000000" SaldoIni="0.00" Debe="0.00" Haber="0.00" SaldoFin="0.00" /><BCE:Ctas NumCta="111010000000" SaldoIni="0.00" Debe="0.00" Haber="0.00" SaldoFin="0.00" /><BCE:Ctas NumCta="113000000000" SaldoIni="0.00" Debe="0.00" Haber="0.00" SaldoFin="0.00" /><BCE:Ctas NumCta="113010000000" SaldoIni="0.00" Debe="0.00" Haber="0.00" SaldoFin="0.00" /><BCE:Ctas NumCta="113010000001" SaldoIni="0.00" Debe="0.00" Haber="0.00" SaldoFin="0.00" /><BCE:Ctas NumCta="113010000002" SaldoIni="0.00" Debe="0.00" Haber="0.00" SaldoFin="0.00" /><BCE:Ctas NumCta="113010000003" SaldoIni="0.00" Debe="0.00" Haber="0.00" SaldoFin="0.00" /><BCE:Ctas NumCta="113010000004" SaldoIni="0.00" Debe="0.00" Haber="0.00" SaldoFin="0.00" /><BCE:Ctas NumCta="113010000005" SaldoIni="0.00" Debe="0.00" Haber="0.00" SaldoFin="0.00" /><BCE:Ctas NumCta="113010000006" SaldoIni="0.00" Debe="0.00" Haber="0.00" SaldoFin="0.00" /><BCE:Ctas NumCta="113010000007" SaldoIni="0.00" Debe="0.00" Haber="0.00" SaldoFin="0.00" /><BCE:Ctas NumCta="113010000008" SaldoIni="0.00" Debe="0.00" Haber="0.00" SaldoFin="0.00" /><BCE:Ctas NumCta="113010000009" SaldoIni="0.00" Debe="0.00" Haber="0.00" SaldoFin="0.00" /><BCE:Ctas NumCta="113010000010" SaldoIni="0.00" Debe="0.00" Haber="0.00" SaldoFin="0.00" /><BCE:Ctas NumCta="113010000011" SaldoIni="0.00" Debe="0.00" Haber="0.00" SaldoFin="0.00" /><BCE:Ctas NumCta="113010000012" SaldoIni="0.00" Debe="0.00" Haber="0.00" SaldoFin="0.00" /><BCE:Ctas NumCta="113010000013" SaldoIni="0.00" Debe="0.00" Haber="0.00" SaldoFin="0.00" /><BCE:Ctas NumCta="113010000014" SaldoIni="0.00" Debe="0.00" Haber="0.00" SaldoFin="0.00" /><BCE:Ctas NumCta="113010000015" SaldoIni="0.00" Debe="0.00" Haber="0.00" SaldoFin="0.00" /><BCE:Ctas NumCta="113010000016" SaldoIni="0.00" Debe="0.00" Haber="0.00" SaldoFin="0.00" /><BCE:Ctas NumCta="113010000017" SaldoIni="0.00" Debe="0.00" Haber="0.00" SaldoFin="0.00" /><BCE:Ctas NumCta="113010000018" SaldoIni="0.00" Debe="0.00" Haber="0.00" SaldoFin="0.00" /><BCE:Ctas NumCta="113010000019" SaldoIni="0.00" Debe="0.00" Haber="0.00" SaldoFin="0.00" /><BCE:Ctas NumCta="113010000020" SaldoIni="0.00" Debe="0.00" Haber="0.00" SaldoFin="0.00" /><BCE:Ctas NumCta="113010000021" SaldoIni="0.00" Debe="0.00" Haber="0.00" SaldoFin="0.00" /><BCE:Ctas NumCta="113010000022" SaldoIni="0.00" Debe="0.00" Haber="0.00" SaldoFin="0.00" /><BCE:Ctas NumCta="113010000023" SaldoIni="0.00" Debe="0.00" Haber="0.00" SaldoFin="0.00" /><BCE:Ctas NumCta="113010000024" SaldoIni="0.00" Debe="0.00" Haber="0.00" SaldoFin="0.00" /><BCE:Ctas NumCta="113010000025" SaldoIni="0.00" Debe="0.00" Haber="0.00" SaldoFin="0.00" /><BCE:Ctas NumCta="113010000026" SaldoIni="0.00" Debe="0.00" Haber="0.00" SaldoFin="0.00" /><BCE:Ctas NumCta="113010000027" SaldoIni="0.00" Debe="0.00" Haber="0.00" SaldoFin="0.00" /><BCE:Ctas NumCta="113010000028" SaldoIni="0.00" Debe="0.00" Haber="0.00" SaldoFin="0.00" /><BCE:Ctas NumCta="113010000029" SaldoIni="0.00" Debe="0.00" Haber="0.00" SaldoFin="0.00" /><BCE:Ctas NumCta="113010000030" SaldoIni="0.00" Debe="0.00" Haber="0.00" SaldoFin="0.00" /><BCE:Ctas NumCta="113010000031" SaldoIni="0.00" Debe="0.00" Haber="0.00" SaldoFin="0.00" /><BCE:Ctas NumCta="113010000032" SaldoIni="0.00" Debe="0.00" Haber="0.00" SaldoFin="0.00" /><BCE:Ctas NumCta="113010000033" SaldoIni="0.00" Debe="0.00" Haber="0.00" SaldoFin="0.00" /><BCE:Ctas NumCta="113010000034" SaldoIni="0.00" Debe="0.00" Haber="0.00" SaldoFin="0.00" /><BCE:Ctas NumCta="113010000035" SaldoIni="0.00" Debe="0.00" Haber="0.00" SaldoFin="0.00" /><BCE:Ctas NumCta="113010000036" SaldoIni="0.00" Debe="0.00" Haber="0.00" SaldoFin="0.00" /><BCE:Ctas NumCta="113010000037" SaldoIni="0.00" Debe="0.00" Haber="0.00" SaldoFin="0.00" /><BCE:Ctas NumCta="113010000038" SaldoIni="0.00" Debe="0.00" Haber="0.00" SaldoFin="0.00" /><BCE:Ctas NumCta="113010000039" SaldoIni="0.00" Debe="0.00" Haber="0.00" SaldoFin="0.00" /><BCE:Ctas NumCta="113010000040" SaldoIni="0.00" Debe="0.00" Haber="0.00" SaldoFin="0.00" /><BCE:Ctas NumCta="113020000000" SaldoIni="0.00" Debe="0.00" Haber="0.00" SaldoFin="0.00" /><BCE:Ctas NumCta="113060000000" SaldoIni="0.00" Debe="0.00" Haber="0.00" SaldoFin="0.00" /><BCE:Ctas NumCta="113070000000" SaldoIni="0.00" Debe="0.00" Haber="0.00" SaldoFin="0.00" /><BCE:Ctas NumCta="113080000000" SaldoIni="0.00" Debe="0.00" Haber="0.00" SaldoFin="0.00" /><BCE:Ctas NumCta="113090000000" SaldoIni="0.00" Debe="0.00" Haber="0.00" SaldoFin="0.00" /><BCE:Ctas NumCta="114000000000" SaldoIni="0.00" Debe="0.00" Haber="0.00" SaldoFin="0.00" /><BCE:Ctas NumCta="114010000000" SaldoIni="0.00" Debe="0.00" Haber="0.00" SaldoFin="0.00" /><BCE:Ctas NumCta="114020000000" SaldoIni="0.00" Debe="0.00" Haber="0.00" SaldoFin="0.00" /><BCE:Ctas NumCta="115000000000" SaldoIni="0.00" Debe="0.00" Haber="0.00" SaldoFin="0.00" /><BCE:Ctas NumCta="115010000000" SaldoIni="0.00" Debe="0.00" Haber="0.00" SaldoFin="0.00" /><BCE:Ctas NumCta="115020000000" SaldoIni="0.00" Debe="0.00" Haber="0.00" SaldoFin="0.00" /><BCE:Ctas NumCta="115030000000" SaldoIni="0.00" Debe="0.00" Haber="0.00" SaldoFin="0.00" /><BCE:Ctas NumCta="115040000000" SaldoIni="0.00" Debe="0.00" Haber="0.00" SaldoFin="0.00" /><BCE:Ctas NumCta="115050000000" SaldoIni="0.00" Debe="0.00" Haber="0.00" SaldoFin="0.00" /><BCE:Ctas NumCta="115060000000" SaldoIni="0.00" Debe="0.00" Haber="0.00" SaldoFin="0.00" /><BCE:Ctas NumCta="115070000000" SaldoIni="0.00" Debe="0.00" Haber="0.00" SaldoFin="0.00" /><BCE:Ctas NumCta="116000000000" SaldoIni="0.00" Debe="0.00" Haber="0.00" SaldoFin="0.00" /><BCE:Ctas NumCta="116010000000" SaldoIni="0.00" Debe="0.00" Haber="0.00" SaldoFin="0.00" /><BCE:Ctas NumCta="118000000000" SaldoIni="0.00" Debe="0.00" Haber="0.00" SaldoFin="0.00" /><BCE:Ctas NumCta="118010000000" SaldoIni="0.00" Debe="0.00" Haber="0.00" SaldoFin="0.00" /><BCE:Ctas NumCta="118020000000" SaldoIni="0.00" Debe="0.00" Haber="0.00" SaldoFin="0.00" /><BCE:Ctas NumCta="118030000000" SaldoIni="0.00" Debe="0.00" Haber="0.00" SaldoFin="0.00" /><BCE:Ctas NumCta="119000000000" SaldoIni="0.00" Debe="0.00" Haber="0.00" SaldoFin="0.00" /><BCE:Ctas NumCta="119010000000" SaldoIni="0.00" Debe="0.00" Haber="0.00" SaldoFin="0.00" /><BCE:Ctas NumCta="119030000000" SaldoIni="0.00" Debe="0.00" Haber="0.00" SaldoFin="0.00" /><BCE:Ctas NumCta="120000000000" SaldoIni="0.00" Debe="0.00" Haber="0.00" SaldoFin="0.00" /><BCE:Ctas NumCta="120010000000" SaldoIni="0.00" Debe="0.00" Haber="0.00" SaldoFin="0.00" /><BCE:Ctas NumCta="120020000000" SaldoIni="0.00" Debe="0.00" Haber="0.00" SaldoFin="0.00" /><BCE:Ctas NumCta="121000000000" SaldoIni="0.00" Debe="0.00" Haber="0.00" SaldoFin="0.00" /><BCE:Ctas NumCta="121010000000" SaldoIni="0.00" Debe="0.00" Haber="0.00" SaldoFin="0.00" /><BCE:Ctas NumCta="153000000000" SaldoIni="0.00" Debe="0.00" Haber="0.00" SaldoFin="0.00" /><BCE:Ctas NumCta="153010000000" SaldoIni="0.00" Debe="0.00" Haber="0.00" SaldoFin="0.00" /><BCE:Ctas NumCta="153010000001" SaldoIni="0.00" Debe="0.00" Haber="0.00" SaldoFin="0.00" /><BCE:Ctas NumCta="153010000002" SaldoIni="0.00" Debe="0.00" Haber="0.00" SaldoFin="0.00" /><BCE:Ctas NumCta="153010000003" SaldoIni="0.00" Debe="0.00" Haber="0.00" SaldoFin="0.00" /><BCE:Ctas NumCta="153010000004" SaldoIni="0.00" Debe="0.00" Haber="0.00" SaldoFin="0.00" /><BCE:Ctas NumCta="153010000005" SaldoIni="0.00" Debe="0.00" Haber="0.00" SaldoFin="0.00" /><BCE:Ctas NumCta="154000000000" SaldoIni="0.00" Debe="0.00" Haber="0.00" SaldoFin="0.00" /><BCE:Ctas NumCta="154010000000" SaldoIni="0.00" Debe="0.00" Haber="0.00" SaldoFin="0.00" /><BCE:Ctas NumCta="154010000001" SaldoIni="0.00" Debe="0.00" Haber="0.00" SaldoFin="0.00" /><BCE:Ctas NumCta="154010000002" SaldoIni="0.00" Debe="0.00" Haber="0.00" SaldoFin="0.00" /><BCE:Ctas NumCta="154010000003" SaldoIni="0.00" Debe="0.00" Haber="0.00" SaldoFin="0.00" /><BCE:Ctas NumCta="154010000004" SaldoIni="0.00" Debe="0.00" Haber="0.00" SaldoFin="0.00" /><BCE:Ctas NumCta="154010000005" SaldoIni="0.00" Debe="0.00" Haber="0.00" SaldoFin="0.00" /><BCE:Ctas NumCta="154010000006" SaldoIni="0.00" Debe="0.00" Haber="0.00" SaldoFin="0.00" /><BCE:Ctas NumCta="154010000007" SaldoIni="0.00" Debe="0.00" Haber="0.00" SaldoFin="0.00" /><BCE:Ctas NumCta="154010000008" SaldoIni="0.00" Debe="0.00" Haber="0.00" SaldoFin="0.00" /><BCE:Ctas NumCta="154010000009" SaldoIni="0.00" Debe="0.00" Haber="0.00" SaldoFin="0.00" /><BCE:Ctas NumCta="154010000010" SaldoIni="0.00" Debe="0.00" Haber="0.00" SaldoFin="0.00" /><BCE:Ctas NumCta="154010000011" SaldoIni="0.00" Debe="0.00" Haber="0.00" SaldoFin="0.00" /><BCE:Ctas NumCta="154010000012" SaldoIni="0.00" Debe="0.00" Haber="0.00" SaldoFin="0.00" /><BCE:Ctas NumCta="154010000013" SaldoIni="0.00" Debe="0.00" Haber="0.00" SaldoFin="0.00" /><BCE:Ctas NumCta="154010000014" SaldoIni="0.00" Debe="0.00" Haber="0.00" SaldoFin="0.00" /><BCE:Ctas NumCta="154010000015" SaldoIni="0.00" Debe="0.00" Haber="0.00" SaldoFin="0.00" /><BCE:Ctas NumCta="154010000016" SaldoIni="0.00" Debe="0.00" Haber="0.00" SaldoFin="0.00" /><BCE:Ctas NumCta="154010000017" SaldoIni="0.00" Debe="0.00" Haber="0.00" SaldoFin="0.00" /><BCE:Ctas NumCta="154010000018" SaldoIni="0.00" Debe="0.00" Haber="0.00" SaldoFin="0.00" /><BCE:Ctas NumCta="154010000019" SaldoIni="0.00" Debe="0.00" Haber="0.00" SaldoFin="0.00" /><BCE:Ctas NumCta="154010000020" SaldoIni="0.00" Debe="0.00" Haber="0.00" SaldoFin="0.00" /><BCE:Ctas NumCta="154010000021" SaldoIni="0.00" Debe="0.00" Haber="0.00" SaldoFin="0.00" /><BCE:Ctas NumCta="154010000022" SaldoIni="0.00" Debe="0.00" Haber="0.00" SaldoFin="0.00" /><BCE:Ctas NumCta="154010000023" SaldoIni="0.00" Debe="0.00" Haber="0.00" SaldoFin="0.00" /><BCE:Ctas NumCta="154010000024" SaldoIni="0.00" Debe="0.00" Haber="0.00" SaldoFin="0.00" /><BCE:Ctas NumCta="154010000025" SaldoIni="0.00" Debe="0.00" Haber="0.00" SaldoFin="0.00" /><BCE:Ctas NumCta="154010000026" SaldoIni="0.00" Debe="0.00" Haber="0.00" SaldoFin="0.00" /><BCE:Ctas NumCta="154010000027" SaldoIni="0.00" Debe="0.00" Haber="0.00" SaldoFin="0.00" /><BCE:Ctas NumCta="154010000028" SaldoIni="0.00" Debe="0.00" Haber="0.00" SaldoFin="0.00" /><BCE:Ctas NumCta="154010000029" SaldoIni="0.00" Debe="0.00" Haber="0.00" SaldoFin="0.00" /><BCE:Ctas NumCta="154010000030" SaldoIni="0.00" Debe="0.00" Haber="0.00" SaldoFin="0.00" /><BCE:Ctas NumCta="154010000031" SaldoIni="0.00" Debe="0.00" Haber="0.00" SaldoFin="0.00" /><BCE:Ctas NumCta="154010000032" SaldoIni="0.00" Debe="0.00" Haber="0.00" SaldoFin="0.00" /><BCE:Ctas NumCta="154010000033" SaldoIni="0.00" Debe="0.00" Haber="0.00" SaldoFin="0.00" /><BCE:Ctas NumCta="154010000034" SaldoIni="0.00" Debe="0.00" Haber="0.00" SaldoFin="0.00" /><BCE:Ctas NumCta="154010000035" SaldoIni="0.00" Debe="0.00" Haber="0.00" SaldoFin="0.00" /><BCE:Ctas NumCta="154010000036" SaldoIni="0.00" Debe="0.00" Haber="0.00" SaldoFin="0.00" /><BCE:Ctas NumCta="154010000037" SaldoIni="0.00" Debe="0.00" Haber="0.00" SaldoFin="0.00" /><BCE:Ctas NumCta="154010000038" SaldoIni="0.00" Debe="0.00" Haber="0.00" SaldoFin="0.00" /><BCE:Ctas NumCta="154010000039" SaldoIni="0.00" Debe="0.00" Haber="0.00" SaldoFin="0.00" /><BCE:Ctas NumCta="154010000040" SaldoIni="0.00" Debe="0.00" Haber="0.00" SaldoFin="0.00" /><BCE:Ctas NumCta="154010000041" SaldoIni="0.00" Debe="0.00" Haber="0.00" SaldoFin="0.00" /><BCE:Ctas NumCta="154010000042" SaldoIni="0.00" Debe="0.00" Haber="0.00" SaldoFin="0.00" /><BCE:Ctas NumCta="154010000043" SaldoIni="0.00" Debe="0.00" Haber="0.00" SaldoFin="0.00" /><BCE:Ctas NumCta="154010000044" SaldoIni="0.00" Debe="0.00" Haber="0.00" SaldoFin="0.00" /><BCE:Ctas NumCta="154010000045" SaldoIni="0.00" Debe="0.00" Haber="0.00" SaldoFin="0.00" /><BCE:Ctas NumCta="154010000046" SaldoIni="0.00" Debe="0.00" Haber="0.00" SaldoFin="0.00" /><BCE:Ctas NumCta="154010000047" SaldoIni="0.00" Debe="0.00" Haber="0.00" SaldoFin="0.00" /><BCE:Ctas NumCta="154010000048" SaldoIni="0.00" Debe="0.00" Haber="0.00" SaldoFin="0.00" /><BCE:Ctas NumCta="154010000049" SaldoIni="0.00" Debe="0.00" Haber="0.00" SaldoFin="0.00" /><BCE:Ctas NumCta="154010000050" SaldoIni="0.00" Debe="0.00" Haber="0.00" SaldoFin="0.00" /><BCE:Ctas NumCta="154010000051" SaldoIni="0.00" Debe="0.00" Haber="0.00" SaldoFin="0.00" /><BCE:Ctas NumCta="154010000052" SaldoIni="0.00" Debe="0.00" Haber="0.00" SaldoFin="0.00" /><BCE:Ctas NumCta="154010000053" SaldoIni="0.00" Debe="0.00" Haber="0.00" SaldoFin="0.00" /><BCE:Ctas NumCta="154010000054" SaldoIni="0.00" Debe="0.00" Haber="0.00" SaldoFin="0.00" /><BCE:Ctas NumCta="154010000055" SaldoIni="0.00" Debe="0.00" Haber="0.00" SaldoFin="0.00" /><BCE:Ctas NumCta="154010000056" SaldoIni="0.00" Debe="0.00" Haber="0.00" SaldoFin="0.00" /><BCE:Ctas NumCta="154010000057" SaldoIni="0.00" Debe="0.00" Haber="0.00" SaldoFin="0.00" /><BCE:Ctas NumCta="154010000058" SaldoIni="0.00" Debe="0.00" Haber="0.00" SaldoFin="0.00" /><BCE:Ctas NumCta="154010000059" SaldoIni="0.00" Debe="0.00" Haber="0.00" SaldoFin="0.00" /><BCE:Ctas NumCta="154010000060" SaldoIni="0.00" Debe="0.00" Haber="0.00" SaldoFin="0.00" /><BCE:Ctas NumCta="154010000061" SaldoIni="0.00" Debe="0.00" Haber="0.00" SaldoFin="0.00" /><BCE:Ctas NumCta="154010000062" SaldoIni="0.00" Debe="0.00" Haber="0.00" SaldoFin="0.00" /><BCE:Ctas NumCta="154010000063" SaldoIni="0.00" Debe="0.00" Haber="0.00" SaldoFin="0.00" /><BCE:Ctas NumCta="154010000064" SaldoIni="0.00" Debe="0.00" Haber="0.00" SaldoFin="0.00" /><BCE:Ctas NumCta="154010000065" SaldoIni="0.00" Debe="0.00" Haber="0.00" SaldoFin="0.00" /><BCE:Ctas NumCta="154010000066" SaldoIni="0.00" Debe="0.00" Haber="0.00" SaldoFin="0.00" /><BCE:Ctas NumCta="154010000067" SaldoIni="0.00" Debe="0.00" Haber="0.00" SaldoFin="0.00" /><BCE:Ctas NumCta="154010000068" SaldoIni="0.00" Debe="0.00" Haber="0.00" SaldoFin="0.00" /><BCE:Ctas NumCta="154010000069" SaldoIni="0.00" Debe="0.00" Haber="0.00" SaldoFin="0.00" /><BCE:Ctas NumCta="154010000070" SaldoIni="0.00" Debe="0.00" Haber="0.00" SaldoFin="0.00" /><BCE:Ctas NumCta="154010000071" SaldoIni="0.00" Debe="0.00" Haber="0.00" SaldoFin="0.00" /><BCE:Ctas NumCta="154010000072" SaldoIni="0.00" Debe="0.00" Haber="0.00" SaldoFin="0.00" /><BCE:Ctas NumCta="154010000073" SaldoIni="0.00" Debe="0.00" Haber="0.00" SaldoFin="0.00" /><BCE:Ctas NumCta="154010000074" SaldoIni="0.00" Debe="0.00" Haber="0.00" SaldoFin="0.00" /><BCE:Ctas NumCta="154010000075" SaldoIni="0.00" Debe="0.00" Haber="0.00" SaldoFin="0.00" /><BCE:Ctas NumCta="154010000076" SaldoIni="0.00" Debe="0.00" Haber="0.00" SaldoFin="0.00" /><BCE:Ctas NumCta="154010000077" SaldoIni="0.00" Debe="0.00" Haber="0.00" SaldoFin="0.00" /><BCE:Ctas NumCta="154010000078" SaldoIni="0.00" Debe="0.00" Haber="0.00" SaldoFin="0.00" /><BCE:Ctas NumCta="154010000079" SaldoIni="0.00" Debe="0.00" Haber="0.00" SaldoFin="0.00" /><BCE:Ctas NumCta="154010000080" SaldoIni="0.00" Debe="0.00" Haber="0.00" SaldoFin="0.00" /><BCE:Ctas NumCta="154010000081" SaldoIni="0.00" Debe="0.00" Haber="0.00" SaldoFin="0.00" /><BCE:Ctas NumCta="154010000082" SaldoIni="0.00" Debe="0.00" Haber="0.00" SaldoFin="0.00" /><BCE:Ctas NumCta="154010000083" SaldoIni="0.00" Debe="0.00" Haber="0.00" SaldoFin="0.00" /><BCE:Ctas NumCta="154010000084" SaldoIni="0.00" Debe="0.00" Haber="0.00" SaldoFin="0.00" /><BCE:Ctas NumCta="154010000085" SaldoIni="0.00" Debe="0.00" Haber="0.00" SaldoFin="0.00" /><BCE:Ctas NumCta="154010000086" SaldoIni="0.00" Debe="0.00" Haber="0.00" SaldoFin="0.00" /><BCE:Ctas NumCta="154010000087" SaldoIni="0.00" Debe="0.00" Haber="0.00" SaldoFin="0.00" /><BCE:Ctas NumCta="154010000088" SaldoIni="0.00" Debe="0.00" Haber="0.00" SaldoFin="0.00" /><BCE:Ctas NumCta="154010000089" SaldoIni="0.00" Debe="0.00" Haber="0.00" SaldoFin="0.00" /><BCE:Ctas NumCta="154010000090" SaldoIni="0.00" Debe="0.00" Haber="0.00" SaldoFin="0.00" /><BCE:Ctas NumCta="154010000091" SaldoIni="0.00" Debe="0.00" Haber="0.00" SaldoFin="0.00" /><BCE:Ctas NumCta="154010000092" SaldoIni="0.00" Debe="0.00" Haber="0.00" SaldoFin="0.00" /><BCE:Ctas NumCta="154010000093" SaldoIni="0.00" Debe="0.00" Haber="0.00" SaldoFin="0.00" /><BCE:Ctas NumCta="154010000094" SaldoIni="0.00" Debe="0.00" Haber="0.00" SaldoFin="0.00" /><BCE:Ctas NumCta="154010000095" SaldoIni="0.00" Debe="0.00" Haber="0.00" SaldoFin="0.00" /><BCE:Ctas NumCta="154010000096" SaldoIni="0.00" Debe="0.00" Haber="0.00" SaldoFin="0.00" /><BCE:Ctas NumCta="154010000097" SaldoIni="0.00" Debe="0.00" Haber="0.00" SaldoFin="0.00" /><BCE:Ctas NumCta="154010000098" SaldoIni="0.00" Debe="0.00" Haber="0.00" SaldoFin="0.00" /><BCE:Ctas NumCta="154010000099" SaldoIni="0.00" Debe="0.00" Haber="0.00" SaldoFin="0.00" /><BCE:Ctas NumCta="154010000100" SaldoIni="0.00" Debe="0.00" Haber="0.00" SaldoFin="0.00" /><BCE:Ctas NumCta="154010000101" SaldoIni="0.00" Debe="0.00" Haber="0.00" SaldoFin="0.00" /><BCE:Ctas NumCta="154010000102" SaldoIni="0.00" Debe="0.00" Haber="0.00" SaldoFin="0.00" /><BCE:Ctas NumCta="154010000103" SaldoIni="0.00" Debe="0.00" Haber="0.00" SaldoFin="0.00" /><BCE:Ctas NumCta="154010000104" SaldoIni="0.00" Debe="0.00" Haber="0.00" SaldoFin="0.00" /><BCE:Ctas NumCta="154010000105" SaldoIni="0.00" Debe="0.00" Haber="0.00" SaldoFin="0.00" /><BCE:Ctas NumCta="154010000106" SaldoIni="0.00" Debe="0.00" Haber="0.00" SaldoFin="0.00" /><BCE:Ctas NumCta="154010000107" SaldoIni="0.00" Debe="0.00" Haber="0.00" SaldoFin="0.00" /><BCE:Ctas NumCta="154010000108" SaldoIni="0.00" Debe="0.00" Haber="0.00" SaldoFin="0.00" /><BCE:Ctas NumCta="154010000109" SaldoIni="0.00" Debe="0.00" Haber="0.00" SaldoFin="0.00" /><BCE:Ctas NumCta="154010000110" SaldoIni="0.00" Debe="0.00" Haber="0.00" SaldoFin="0.00" /><BCE:Ctas NumCta="154010000111" SaldoIni="0.00" Debe="0.00" Haber="0.00" SaldoFin="0.00" /><BCE:Ctas NumCta="154010000112" SaldoIni="0.00" Debe="0.00" Haber="0.00" SaldoFin="0.00" /><BCE:Ctas NumCta="154010000113" SaldoIni="0.00" Debe="0.00" Haber="0.00" SaldoFin="0.00" /><BCE:Ctas NumCta="154010000114" SaldoIni="0.00" Debe="0.00" Haber="0.00" SaldoFin="0.00" /><BCE:Ctas NumCta="154010000115" SaldoIni="0.00" Debe="0.00" Haber="0.00" SaldoFin="0.00" /><BCE:Ctas NumCta="154010000116" SaldoIni="0.00" Debe="0.00" Haber="0.00" SaldoFin="0.00" /><BCE:Ctas NumCta="154010000117" SaldoIni="0.00" Debe="0.00" Haber="0.00" SaldoFin="0.00" /><BCE:Ctas NumCta="154010000118" SaldoIni="0.00" Debe="0.00" Haber="0.00" SaldoFin="0.00" /><BCE:Ctas NumCta="154010000119" SaldoIni="0.00" Debe="0.00" Haber="0.00" SaldoFin="0.00" /><BCE:Ctas NumCta="154010000120" SaldoIni="0.00" Debe="0.00" Haber="0.00" SaldoFin="0.00" /><BCE:Ctas NumCta="154010000121" SaldoIni="0.00" Debe="0.00" Haber="0.00" SaldoFin="0.00" /><BCE:Ctas NumCta="154010000122" SaldoIni="0.00" Debe="0.00" Haber="0.00" SaldoFin="0.00" /><BCE:Ctas NumCta="154010000123" SaldoIni="0.00" Debe="0.00" Haber="0.00" SaldoFin="0.00" /><BCE:Ctas NumCta="154010000124" SaldoIni="0.00" Debe="0.00" Haber="0.00" SaldoFin="0.00" /><BCE:Ctas NumCta="154010000125" SaldoIni="0.00" Debe="0.00" Haber="0.00" SaldoFin="0.00" /><BCE:Ctas NumCta="154010000126" SaldoIni="0.00" Debe="0.00" Haber="0.00" SaldoFin="0.00" /><BCE:Ctas NumCta="154010000127" SaldoIni="0.00" Debe="0.00" Haber="0.00" SaldoFin="0.00" /><BCE:Ctas NumCta="154010000128" SaldoIni="0.00" Debe="0.00" Haber="0.00" SaldoFin="0.00" /><BCE:Ctas NumCta="155000000000" SaldoIni="0.00" Debe="0.00" Haber="0.00" SaldoFin="0.00" /><BCE:Ctas NumCta="155010000000" SaldoIni="0.00" Debe="0.00" Haber="0.00" SaldoFin="0.00" /><BCE:Ctas NumCta="155010000004" SaldoIni="0.00" Debe="0.00" Haber="0.00" SaldoFin="0.00" /><BCE:Ctas NumCta="156000000000" SaldoIni="0.00" Debe="0.00" Haber="0.00" SaldoFin="0.00" /><BCE:Ctas NumCta="156010000000" SaldoIni="0.00" Debe="0.00" Haber="0.00" SaldoFin="0.00" /><BCE:Ctas NumCta="156010000001" SaldoIni="0.00" Debe="0.00" Haber="0.00" SaldoFin="0.00" /><BCE:Ctas NumCta="156010000002" SaldoIni="0.00" Debe="0.00" Haber="0.00" SaldoFin="0.00" /><BCE:Ctas NumCta="171000000000" SaldoIni="0.00" Debe="0.00" Haber="0.00" SaldoFin="0.00" /><BCE:Ctas NumCta="171010000000" SaldoIni="0.00" Debe="0.00" Haber="0.00" SaldoFin="0.00" /><BCE:Ctas NumCta="171020000000" SaldoIni="0.00" Debe="0.00" Haber="0.00" SaldoFin="0.00" /><BCE:Ctas NumCta="171020000001" SaldoIni="0.00" Debe="0.00" Haber="0.00" SaldoFin="0.00" /><BCE:Ctas NumCta="171020000002" SaldoIni="0.00" Debe="0.00" Haber="0.00" SaldoFin="0.00" /><BCE:Ctas NumCta="171020000003" SaldoIni="0.00" Debe="0.00" Haber="0.00" SaldoFin="0.00" /><BCE:Ctas NumCta="171020000004" SaldoIni="0.00" Debe="0.00" Haber="0.00" SaldoFin="0.00" /><BCE:Ctas NumCta="171020000005" SaldoIni="0.00" Debe="0.00" Haber="0.00" SaldoFin="0.00" /><BCE:Ctas NumCta="171030000000" SaldoIni="0.00" Debe="0.00" Haber="0.00" SaldoFin="0.00" /><BCE:Ctas NumCta="171030000001" SaldoIni="0.00" Debe="0.00" Haber="0.00" SaldoFin="0.00" /><BCE:Ctas NumCta="171030000002" SaldoIni="0.00" Debe="0.00" Haber="0.00" SaldoFin="0.00" /><BCE:Ctas NumCta="171030000003" SaldoIni="0.00" Debe="0.00" Haber="0.00" SaldoFin="0.00" /><BCE:Ctas NumCta="171030000004" SaldoIni="0.00" Debe="0.00" Haber="0.00" SaldoFin="0.00" /><BCE:Ctas NumCta="171030000005" SaldoIni="0.00" Debe="0.00" Haber="0.00" SaldoFin="0.00" /><BCE:Ctas NumCta="171030000006" SaldoIni="0.00" Debe="0.00" Haber="0.00" SaldoFin="0.00" /><BCE:Ctas NumCta="171030000007" SaldoIni="0.00" Debe="0.00" Haber="0.00" SaldoFin="0.00" /><BCE:Ctas NumCta="171030000008" SaldoIni="0.00" Debe="0.00" Haber="0.00" SaldoFin="0.00" /><BCE:Ctas NumCta="171030000009" SaldoIni="0.00" Debe="0.00" Haber="0.00" SaldoFin="0.00" /><BCE:Ctas NumCta="171030000010" SaldoIni="0.00" Debe="0.00" Haber="0.00" SaldoFin="0.00" /><BCE:Ctas NumCta="171030000011" SaldoIni="0.00" Debe="0.00" Haber="0.00" SaldoFin="0.00" /><BCE:Ctas NumCta="171030000012" SaldoIni="0.00" Debe="0.00" Haber="0.00" SaldoFin="0.00" /><BCE:Ctas NumCta="171030000013" SaldoIni="0.00" Debe="0.00" Haber="0.00" SaldoFin="0.00" /><BCE:Ctas NumCta="171030000014" SaldoIni="0.00" Debe="0.00" Haber="0.00" SaldoFin="0.00" /><BCE:Ctas NumCta="171030000015" SaldoIni="0.00" Debe="0.00" Haber="0.00" SaldoFin="0.00" /><BCE:Ctas NumCta="171030000016" SaldoIni="0.00" Debe="0.00" Haber="0.00" SaldoFin="0.00" /><BCE:Ctas NumCta="171030000017" SaldoIni="0.00" Debe="0.00" Haber="0.00" SaldoFin="0.00" /><BCE:Ctas NumCta="171030000018" SaldoIni="0.00" Debe="0.00" Haber="0.00" SaldoFin="0.00" /><BCE:Ctas NumCta="171030000019" SaldoIni="0.00" Debe="0.00" Haber="0.00" SaldoFin="0.00" /><BCE:Ctas NumCta="171030000020" SaldoIni="0.00" Debe="0.00" Haber="0.00" SaldoFin="0.00" /><BCE:Ctas NumCta="171030000021" SaldoIni="0.00" Debe="0.00" Haber="0.00" SaldoFin="0.00" /><BCE:Ctas NumCta="171030000022" SaldoIni="0.00" Debe="0.00" Haber="0.00" SaldoFin="0.00" /><BCE:Ctas NumCta="171030000023" SaldoIni="0.00" Debe="0.00" Haber="0.00" SaldoFin="0.00" /><BCE:Ctas NumCta="171030000024" SaldoIni="0.00" Debe="0.00" Haber="0.00" SaldoFin="0.00" /><BCE:Ctas NumCta="171030000025" SaldoIni="0.00" Debe="0.00" Haber="0.00" SaldoFin="0.00" /><BCE:Ctas NumCta="171030000026" SaldoIni="0.00" Debe="0.00" Haber="0.00" SaldoFin="0.00" /><BCE:Ctas NumCta="171030000027" SaldoIni="0.00" Debe="0.00" Haber="0.00" SaldoFin="0.00" /><BCE:Ctas NumCta="171030000028" SaldoIni="0.00" Debe="0.00" Haber="0.00" SaldoFin="0.00" /><BCE:Ctas NumCta="171030000029" SaldoIni="0.00" Debe="0.00" Haber="0.00" SaldoFin="0.00" /><BCE:Ctas NumCta="171030000030" SaldoIni="0.00" Debe="0.00" Haber="0.00" SaldoFin="0.00" /><BCE:Ctas NumCta="171030000031" SaldoIni="0.00" Debe="0.00" Haber="0.00" SaldoFin="0.00" /><BCE:Ctas NumCta="171030000032" SaldoIni="0.00" Debe="0.00" Haber="0.00" SaldoFin="0.00" /><BCE:Ctas NumCta="171030000033" SaldoIni="0.00" Debe="0.00" Haber="0.00" SaldoFin="0.00" /><BCE:Ctas NumCta="171030000034" SaldoIni="0.00" Debe="0.00" Haber="0.00" SaldoFin="0.00" /><BCE:Ctas NumCta="171030000035" SaldoIni="0.00" Debe="0.00" Haber="0.00" SaldoFin="0.00" /><BCE:Ctas NumCta="171030000036" SaldoIni="0.00" Debe="0.00" Haber="0.00" SaldoFin="0.00" /><BCE:Ctas NumCta="171030000037" SaldoIni="0.00" Debe="0.00" Haber="0.00" SaldoFin="0.00" /><BCE:Ctas NumCta="171030000038" SaldoIni="0.00" Debe="0.00" Haber="0.00" SaldoFin="0.00" /><BCE:Ctas NumCta="171030000039" SaldoIni="0.00" Debe="0.00" Haber="0.00" SaldoFin="0.00" /><BCE:Ctas NumCta="171030000040" SaldoIni="0.00" Debe="0.00" Haber="0.00" SaldoFin="0.00" /><BCE:Ctas NumCta="171030000041" SaldoIni="0.00" Debe="0.00" Haber="0.00" SaldoFin="0.00" /><BCE:Ctas NumCta="171030000042" SaldoIni="0.00" Debe="0.00" Haber="0.00" SaldoFin="0.00" /><BCE:Ctas NumCta="171030000043" SaldoIni="0.00" Debe="0.00" Haber="0.00" SaldoFin="0.00" /><BCE:Ctas NumCta="171030000044" SaldoIni="0.00" Debe="0.00" Haber="0.00" SaldoFin="0.00" /><BCE:Ctas NumCta="171030000045" SaldoIni="0.00" Debe="0.00" Haber="0.00" SaldoFin="0.00" /><BCE:Ctas NumCta="171030000046" SaldoIni="0.00" Debe="0.00" Haber="0.00" SaldoFin="0.00" /><BCE:Ctas NumCta="171030000047" SaldoIni="0.00" Debe="0.00" Haber="0.00" SaldoFin="0.00" /><BCE:Ctas NumCta="171030000048" SaldoIni="0.00" Debe="0.00" Haber="0.00" SaldoFin="0.00" /><BCE:Ctas NumCta="171030000049" SaldoIni="0.00" Debe="0.00" Haber="0.00" SaldoFin="0.00" /><BCE:Ctas NumCta="171030000050" SaldoIni="0.00" Debe="0.00" Haber="0.00" SaldoFin="0.00" /><BCE:Ctas NumCta="171030000051" SaldoIni="0.00" Debe="0.00" Haber="0.00" SaldoFin="0.00" /><BCE:Ctas NumCta="171030000052" SaldoIni="0.00" Debe="0.00" Haber="0.00" SaldoFin="0.00" /><BCE:Ctas NumCta="171030000053" SaldoIni="0.00" Debe="0.00" Haber="0.00" SaldoFin="0.00" /><BCE:Ctas NumCta="171030000054" SaldoIni="0.00" Debe="0.00" Haber="0.00" SaldoFin="0.00" /><BCE:Ctas NumCta="171030000055" SaldoIni="0.00" Debe="0.00" Haber="0.00" SaldoFin="0.00" /><BCE:Ctas NumCta="171030000056" SaldoIni="0.00" Debe="0.00" Haber="0.00" SaldoFin="0.00" /><BCE:Ctas NumCta="171030000057" SaldoIni="0.00" Debe="0.00" Haber="0.00" SaldoFin="0.00" /><BCE:Ctas NumCta="171030000058" SaldoIni="0.00" Debe="0.00" Haber="0.00" SaldoFin="0.00" /><BCE:Ctas NumCta="171030000059" SaldoIni="0.00" Debe="0.00" Haber="0.00" SaldoFin="0.00" /><BCE:Ctas NumCta="171030000060" SaldoIni="0.00" Debe="0.00" Haber="0.00" SaldoFin="0.00" /><BCE:Ctas NumCta="171030000061" SaldoIni="0.00" Debe="0.00" Haber="0.00" SaldoFin="0.00" /><BCE:Ctas NumCta="171030000062" SaldoIni="0.00" Debe="0.00" Haber="0.00" SaldoFin="0.00" /><BCE:Ctas NumCta="171030000063" SaldoIni="0.00" Debe="0.00" Haber="0.00" SaldoFin="0.00" /><BCE:Ctas NumCta="171030000064" SaldoIni="0.00" Debe="0.00" Haber="0.00" SaldoFin="0.00" /><BCE:Ctas NumCta="171030000065" SaldoIni="0.00" Debe="0.00" Haber="0.00" SaldoFin="0.00" /><BCE:Ctas NumCta="171030000066" SaldoIni="0.00" Debe="0.00" Haber="0.00" SaldoFin="0.00" /><BCE:Ctas NumCta="171030000067" SaldoIni="0.00" Debe="0.00" Haber="0.00" SaldoFin="0.00" /><BCE:Ctas NumCta="171030000068" SaldoIni="0.00" Debe="0.00" Haber="0.00" SaldoFin="0.00" /><BCE:Ctas NumCta="171030000069" SaldoIni="0.00" Debe="0.00" Haber="0.00" SaldoFin="0.00" /><BCE:Ctas NumCta="171030000070" SaldoIni="0.00" Debe="0.00" Haber="0.00" SaldoFin="0.00" /><BCE:Ctas NumCta="171030000071" SaldoIni="0.00" Debe="0.00" Haber="0.00" SaldoFin="0.00" /><BCE:Ctas NumCta="171030000072" SaldoIni="0.00" Debe="0.00" Haber="0.00" SaldoFin="0.00" /><BCE:Ctas NumCta="171030000073" SaldoIni="0.00" Debe="0.00" Haber="0.00" SaldoFin="0.00" /><BCE:Ctas NumCta="171030000074" SaldoIni="0.00" Debe="0.00" Haber="0.00" SaldoFin="0.00" /><BCE:Ctas NumCta="171030000075" SaldoIni="0.00" Debe="0.00" Haber="0.00" SaldoFin="0.00" /><BCE:Ctas NumCta="171030000076" SaldoIni="0.00" Debe="0.00" Haber="0.00" SaldoFin="0.00" /><BCE:Ctas NumCta="171030000077" SaldoIni="0.00" Debe="0.00" Haber="0.00" SaldoFin="0.00" /><BCE:Ctas NumCta="171030000078" SaldoIni="0.00" Debe="0.00" Haber="0.00" SaldoFin="0.00" /><BCE:Ctas NumCta="171030000079" SaldoIni="0.00" Debe="0.00" Haber="0.00" SaldoFin="0.00" /><BCE:Ctas NumCta="171030000080" SaldoIni="0.00" Debe="0.00" Haber="0.00" SaldoFin="0.00" /><BCE:Ctas NumCta="171030000081" SaldoIni="0.00" Debe="0.00" Haber="0.00" SaldoFin="0.00" /><BCE:Ctas NumCta="171030000082" SaldoIni="0.00" Debe="0.00" Haber="0.00" SaldoFin="0.00" /><BCE:Ctas NumCta="171030000083" SaldoIni="0.00" Debe="0.00" Haber="0.00" SaldoFin="0.00" /><BCE:Ctas NumCta="171030000084" SaldoIni="0.00" Debe="0.00" Haber="0.00" SaldoFin="0.00" /><BCE:Ctas NumCta="171030000085" SaldoIni="0.00" Debe="0.00" Haber="0.00" SaldoFin="0.00" /><BCE:Ctas NumCta="171030000086" SaldoIni="0.00" Debe="0.00" Haber="0.00" SaldoFin="0.00" /><BCE:Ctas NumCta="171030000087" SaldoIni="0.00" Debe="0.00" Haber="0.00" SaldoFin="0.00" /><BCE:Ctas NumCta="171030000088" SaldoIni="0.00" Debe="0.00" Haber="0.00" SaldoFin="0.00" /><BCE:Ctas NumCta="171030000089" SaldoIni="0.00" Debe="0.00" Haber="0.00" SaldoFin="0.00" /><BCE:Ctas NumCta="171030000090" SaldoIni="0.00" Debe="0.00" Haber="0.00" SaldoFin="0.00" /><BCE:Ctas NumCta="171030000091" SaldoIni="0.00" Debe="0.00" Haber="0.00" SaldoFin="0.00" /><BCE:Ctas NumCta="171030000092" SaldoIni="0.00" Debe="0.00" Haber="0.00" SaldoFin="0.00" /><BCE:Ctas NumCta="171030000093" SaldoIni="0.00" Debe="0.00" Haber="0.00" SaldoFin="0.00" /><BCE:Ctas NumCta="171030000094" SaldoIni="0.00" Debe="0.00" Haber="0.00" SaldoFin="0.00" /><BCE:Ctas NumCta="171030000095" SaldoIni="0.00" Debe="0.00" Haber="0.00" SaldoFin="0.00" /><BCE:Ctas NumCta="171030000096" SaldoIni="0.00" Debe="0.00" Haber="0.00" SaldoFin="0.00" /><BCE:Ctas NumCta="171030000097" SaldoIni="0.00" Debe="0.00" Haber="0.00" SaldoFin="0.00" /><BCE:Ctas NumCta="171030000098" SaldoIni="0.00" Debe="0.00" Haber="0.00" SaldoFin="0.00" /><BCE:Ctas NumCta="171030000099" SaldoIni="0.00" Debe="0.00" Haber="0.00" SaldoFin="0.00" /><BCE:Ctas NumCta="171030000100" SaldoIni="0.00" Debe="0.00" Haber="0.00" SaldoFin="0.00" /><BCE:Ctas NumCta="171030000101" SaldoIni="0.00" Debe="0.00" Haber="0.00" SaldoFin="0.00" /><BCE:Ctas NumCta="171030000102" SaldoIni="0.00" Debe="0.00" Haber="0.00" SaldoFin="0.00" /><BCE:Ctas NumCta="171030000103" SaldoIni="0.00" Debe="0.00" Haber="0.00" SaldoFin="0.00" /><BCE:Ctas NumCta="171030000104" SaldoIni="0.00" Debe="0.00" Haber="0.00" SaldoFin="0.00" /><BCE:Ctas NumCta="171030000105" SaldoIni="0.00" Debe="0.00" Haber="0.00" SaldoFin="0.00" /><BCE:Ctas NumCta="171030000106" SaldoIni="0.00" Debe="0.00" Haber="0.00" SaldoFin="0.00" /><BCE:Ctas NumCta="171030000107" SaldoIni="0.00" Debe="0.00" Haber="0.00" SaldoFin="0.00" /><BCE:Ctas NumCta="171030000108" SaldoIni="0.00" Debe="0.00" Haber="0.00" SaldoFin="0.00" /><BCE:Ctas NumCta="171030000109" SaldoIni="0.00" Debe="0.00" Haber="0.00" SaldoFin="0.00" /><BCE:Ctas NumCta="171030000110" SaldoIni="0.00" Debe="0.00" Haber="0.00" SaldoFin="0.00" /><BCE:Ctas NumCta="171030000111" SaldoIni="0.00" Debe="0.00" Haber="0.00" SaldoFin="0.00" /><BCE:Ctas NumCta="171030000112" SaldoIni="0.00" Debe="0.00" Haber="0.00" SaldoFin="0.00" /><BCE:Ctas NumCta="171030000113" SaldoIni="0.00" Debe="0.00" Haber="0.00" SaldoFin="0.00" /><BCE:Ctas NumCta="171030000114" SaldoIni="0.00" Debe="0.00" Haber="0.00" SaldoFin="0.00" /><BCE:Ctas NumCta="171030000115" SaldoIni="0.00" Debe="0.00" Haber="0.00" SaldoFin="0.00" /><BCE:Ctas NumCta="171030000116" SaldoIni="0.00" Debe="0.00" Haber="0.00" SaldoFin="0.00" /><BCE:Ctas NumCta="171030000117" SaldoIni="0.00" Debe="0.00" Haber="0.00" SaldoFin="0.00" /><BCE:Ctas NumCta="171030000118" SaldoIni="0.00" Debe="0.00" Haber="0.00" SaldoFin="0.00" /><BCE:Ctas NumCta="171030000119" SaldoIni="0.00" Debe="0.00" Haber="0.00" SaldoFin="0.00" /><BCE:Ctas NumCta="171030000120" SaldoIni="0.00" Debe="0.00" Haber="0.00" SaldoFin="0.00" /><BCE:Ctas NumCta="171030000121" SaldoIni="0.00" Debe="0.00" Haber="0.00" SaldoFin="0.00" /><BCE:Ctas NumCta="171030000122" SaldoIni="0.00" Debe="0.00" Haber="0.00" SaldoFin="0.00" /><BCE:Ctas NumCta="171030000123" SaldoIni="0.00" Debe="0.00" Haber="0.00" SaldoFin="0.00" /><BCE:Ctas NumCta="171030000124" SaldoIni="0.00" Debe="0.00" Haber="0.00" SaldoFin="0.00" /><BCE:Ctas NumCta="171030000125" SaldoIni="0.00" Debe="0.00" Haber="0.00" SaldoFin="0.00" /><BCE:Ctas NumCta="171030000126" SaldoIni="0.00" Debe="0.00" Haber="0.00" SaldoFin="0.00" /><BCE:Ctas NumCta="171030000127" SaldoIni="0.00" Debe="0.00" Haber="0.00" SaldoFin="0.00" /><BCE:Ctas NumCta="171030000128" SaldoIni="0.00" Debe="0.00" Haber="0.00" SaldoFin="0.00" /><BCE:Ctas NumCta="171030000129" SaldoIni="0.00" Debe="0.00" Haber="0.00" SaldoFin="0.00" /><BCE:Ctas NumCta="171030000130" SaldoIni="0.00" Debe="0.00" Haber="0.00" SaldoFin="0.00" /><BCE:Ctas NumCta="171030000131" SaldoIni="0.00" Debe="0.00" Haber="0.00" SaldoFin="0.00" /><BCE:Ctas NumCta="171030000132" SaldoIni="0.00" Debe="0.00" Haber="0.00" SaldoFin="0.00" /><BCE:Ctas NumCta="171030000133" SaldoIni="0.00" Debe="0.00" Haber="0.00" SaldoFin="0.00" /><BCE:Ctas NumCta="171040000000" SaldoIni="0.00" Debe="0.00" Haber="0.00" SaldoFin="0.00" /><BCE:Ctas NumCta="171040000001" SaldoIni="0.00" Debe="0.00" Haber="0.00" SaldoFin="0.00" /><BCE:Ctas NumCta="171040000002" SaldoIni="0.00" Debe="0.00" Haber="0.00" SaldoFin="0.00" /><BCE:Ctas NumCta="171040000003" SaldoIni="0.00" Debe="0.00" Haber="0.00" SaldoFin="0.00" /><BCE:Ctas NumCta="171050000000" SaldoIni="0.00" Debe="0.00" Haber="0.00" SaldoFin="0.00" /><BCE:Ctas NumCta="171050000001" SaldoIni="0.00" Debe="0.00" Haber="0.00" SaldoFin="0.00" /><BCE:Ctas NumCta="171050000002" SaldoIni="0.00" Debe="0.00" Haber="0.00" SaldoFin="0.00" /><BCE:Ctas NumCta="172000000000" SaldoIni="0.00" Debe="0.00" Haber="0.00" SaldoFin="0.00" /><BCE:Ctas NumCta="172020000000" SaldoIni="0.00" Debe="0.00" Haber="0.00" SaldoFin="0.00" /><BCE:Ctas NumCta="172030000000" SaldoIni="0.00" Debe="0.00" Haber="0.00" SaldoFin="0.00" /><BCE:Ctas NumCta="172040000000" SaldoIni="0.00" Debe="0.00" Haber="0.00" SaldoFin="0.00" /><BCE:Ctas NumCta="172050000000" SaldoIni="0.00" Debe="0.00" Haber="0.00" SaldoFin="0.00" /><BCE:Ctas NumCta="173000000000" SaldoIni="0.00" Debe="0.00" Haber="0.00" SaldoFin="0.00" /><BCE:Ctas NumCta="173010000000" SaldoIni="0.00" Debe="0.00" Haber="0.00" SaldoFin="0.00" /><BCE:Ctas NumCta="184000000000" SaldoIni="0.00" Debe="0.00" Haber="0.00" SaldoFin="0.00" /><BCE:Ctas NumCta="184010000000" SaldoIni="0.00" Debe="0.00" Haber="0.00" SaldoFin="0.00" /><BCE:Ctas NumCta="184020000000" SaldoIni="0.00" Debe="0.00" Haber="0.00" SaldoFin="0.00" /><BCE:Ctas NumCta="184030000000" SaldoIni="0.00" Debe="0.00" Haber="0.00" SaldoFin="0.00" /><BCE:Ctas NumCta="184030000001" SaldoIni="0.00" Debe="0.00" Haber="0.00" SaldoFin="0.00" /><BCE:Ctas NumCta="184030000002" SaldoIni="0.00" Debe="0.00" Haber="0.00" SaldoFin="0.00" /><BCE:Ctas NumCta="184030000178" SaldoIni="0.00" Debe="0.00" Haber="0.00" SaldoFin="0.00" /><BCE:Ctas NumCta="200000000000" SaldoIni="0.00" Debe="0.00" Haber="0.00" SaldoFin="0.00" /><BCE:Ctas NumCta="200010000000" SaldoIni="0.00" Debe="0.00" Haber="0.00" SaldoFin="0.00" /><BCE:Ctas NumCta="201000000000" SaldoIni="0.00" Debe="0.00" Haber="0.00" SaldoFin="0.00" /><BCE:Ctas NumCta="201010000000" SaldoIni="0.00" Debe="0.00" Haber="0.00" SaldoFin="0.00" /><BCE:Ctas NumCta="201020000000" SaldoIni="0.00" Debe="0.00" Haber="0.00" SaldoFin="0.00" /><BCE:Ctas NumCta="202000000000" SaldoIni="0.00" Debe="0.00" Haber="0.00" SaldoFin="0.00" /><BCE:Ctas NumCta="202010000000" SaldoIni="0.00" Debe="0.00" Haber="0.00" SaldoFin="0.00" /><BCE:Ctas NumCta="202030000000" SaldoIni="0.00" Debe="0.00" Haber="0.00" SaldoFin="0.00" /><BCE:Ctas NumCta="202070000000" SaldoIni="0.00" Debe="0.00" Haber="0.00" SaldoFin="0.00" /><BCE:Ctas NumCta="202110000000" SaldoIni="0.00" Debe="0.00" Haber="0.00" SaldoFin="0.00" /><BCE:Ctas NumCta="203000000000" SaldoIni="0.00" Debe="0.00" Haber="0.00" SaldoFin="0.00" /><BCE:Ctas NumCta="203180000000" SaldoIni="0.00" Debe="0.00" Haber="0.00" SaldoFin="0.00" /><BCE:Ctas NumCta="205000000000" SaldoIni="0.00" Debe="0.00" Haber="0.00" SaldoFin="0.00" /><BCE:Ctas NumCta="205010000000" SaldoIni="0.00" Debe="0.00" Haber="0.00" SaldoFin="0.00" /><BCE:Ctas NumCta="205010000135" SaldoIni="0.00" Debe="0.00" Haber="0.00" SaldoFin="0.00" /><BCE:Ctas NumCta="205010001137" SaldoIni="0.00" Debe="0.00" Haber="0.00" SaldoFin="0.00" /><BCE:Ctas NumCta="205010099999" SaldoIni="0.00" Debe="0.00" Haber="0.00" SaldoFin="0.00" /><BCE:Ctas NumCta="205020000000" SaldoIni="0.00" Debe="0.00" Haber="0.00" SaldoFin="0.00" /><BCE:Ctas NumCta="205060000000" SaldoIni="0.00" Debe="0.00" Haber="0.00" SaldoFin="0.00" /><BCE:Ctas NumCta="206000000000" SaldoIni="0.00" Debe="0.00" Haber="0.00" SaldoFin="0.00" /><BCE:Ctas NumCta="206010000000" SaldoIni="0.00" Debe="0.00" Haber="0.00" SaldoFin="0.00" /><BCE:Ctas NumCta="206020000000" SaldoIni="0.00" Debe="0.00" Haber="0.00" SaldoFin="0.00" /><BCE:Ctas NumCta="206030000000" SaldoIni="0.00" Debe="0.00" Haber="0.00" SaldoFin="0.00" /><BCE:Ctas NumCta="206040000000" SaldoIni="0.00" Debe="0.00" Haber="0.00" SaldoFin="0.00" /><BCE:Ctas NumCta="206050000000" SaldoIni="0.00" Debe="0.00" Haber="0.00" SaldoFin="0.00" /><BCE:Ctas NumCta="206060000000" SaldoIni="0.00" Debe="0.00" Haber="0.00" SaldoFin="0.00" /><BCE:Ctas NumCta="206070000000" SaldoIni="0.00" Debe="0.00" Haber="0.00" SaldoFin="0.00" /><BCE:Ctas NumCta="207000000000" SaldoIni="0.00" Debe="0.00" Haber="0.00" SaldoFin="0.00" /><BCE:Ctas NumCta="208000000000" SaldoIni="0.00" Debe="0.00" Haber="0.00" SaldoFin="0.00" /><BCE:Ctas NumCta="208010000000" SaldoIni="0.00" Debe="0.00" Haber="0.00" SaldoFin="0.00" /><BCE:Ctas NumCta="208020000000" SaldoIni="0.00" Debe="0.00" Haber="0.00" SaldoFin="0.00" /><BCE:Ctas NumCta="209000000000" SaldoIni="0.00" Debe="0.00" Haber="0.00" SaldoFin="0.00" /><BCE:Ctas NumCta="209010000000" SaldoIni="0.00" Debe="0.00" Haber="0.00" SaldoFin="0.00" /><BCE:Ctas NumCta="209020000000" SaldoIni="0.00" Debe="0.00" Haber="0.00" SaldoFin="0.00" /><BCE:Ctas NumCta="209030000000" SaldoIni="0.00" Debe="0.00" Haber="0.00" SaldoFin="0.00" /><BCE:Ctas NumCta="209040000000" SaldoIni="0.00" Debe="0.00" Haber="0.00" SaldoFin="0.00" /><BCE:Ctas NumCta="209050000000" SaldoIni="0.00" Debe="0.00" Haber="0.00" SaldoFin="0.00" /><BCE:Ctas NumCta="209060000000" SaldoIni="0.00" Debe="0.00" Haber="0.00" SaldoFin="0.00" /><BCE:Ctas NumCta="210000000000" SaldoIni="0.00" Debe="0.00" Haber="0.00" SaldoFin="0.00" /><BCE:Ctas NumCta="210010000000" SaldoIni="0.00" Debe="0.00" Haber="0.00" SaldoFin="0.00" /><BCE:Ctas NumCta="211000000000" SaldoIni="0.00" Debe="0.00" Haber="0.00" SaldoFin="0.00" /><BCE:Ctas NumCta="211010000000" SaldoIni="0.00" Debe="0.00" Haber="0.00" SaldoFin="0.00" /><BCE:Ctas NumCta="211020000000" SaldoIni="0.00" Debe="0.00" Haber="0.00" SaldoFin="0.00" /><BCE:Ctas NumCta="211030000000" SaldoIni="0.00" Debe="0.00" Haber="0.00" SaldoFin="0.00" /><BCE:Ctas NumCta="212000000000" SaldoIni="0.00" Debe="0.00" Haber="0.00" SaldoFin="0.00" /><BCE:Ctas NumCta="212010000000" SaldoIni="0.00" Debe="0.00" Haber="0.00" SaldoFin="0.00" /><BCE:Ctas NumCta="213000000000" SaldoIni="0.00" Debe="0.00" Haber="0.00" SaldoFin="0.00" /><BCE:Ctas NumCta="213010000000" SaldoIni="0.00" Debe="0.00" Haber="0.00" SaldoFin="0.00" /><BCE:Ctas NumCta="213020000000" SaldoIni="0.00" Debe="0.00" Haber="0.00" SaldoFin="0.00" /><BCE:Ctas NumCta="213030000000" SaldoIni="0.00" Debe="0.00" Haber="0.00" SaldoFin="0.00" /><BCE:Ctas NumCta="213040000000" SaldoIni="0.00" Debe="0.00" Haber="0.00" SaldoFin="0.00" /><BCE:Ctas NumCta="215000000000" SaldoIni="0.00" Debe="0.00" Haber="0.00" SaldoFin="0.00" /><BCE:Ctas NumCta="215010000000" SaldoIni="0.00" Debe="0.00" Haber="0.00" SaldoFin="0.00" /><BCE:Ctas NumCta="215020000000" SaldoIni="0.00" Debe="0.00" Haber="0.00" SaldoFin="0.00" /><BCE:Ctas NumCta="215030000000" SaldoIni="0.00" Debe="0.00" Haber="0.00" SaldoFin="0.00" /><BCE:Ctas NumCta="216000000000" SaldoIni="0.00" Debe="0.00" Haber="0.00" SaldoFin="0.00" /><BCE:Ctas NumCta="216010000000" SaldoIni="0.00" Debe="0.00" Haber="0.00" SaldoFin="0.00" /><BCE:Ctas NumCta="216030000000" SaldoIni="0.00" Debe="0.00" Haber="0.00" SaldoFin="0.00" /><BCE:Ctas NumCta="216040000000" SaldoIni="0.00" Debe="0.00" Haber="0.00" SaldoFin="0.00" /><BCE:Ctas NumCta="216050000000" SaldoIni="0.00" Debe="0.00" Haber="0.00" SaldoFin="0.00" /><BCE:Ctas NumCta="216100000000" SaldoIni="0.00" Debe="0.00" Haber="0.00" SaldoFin="0.00" /><BCE:Ctas NumCta="216110000000" SaldoIni="0.00" Debe="0.00" Haber="0.00" SaldoFin="0.00" /><BCE:Ctas NumCta="216120000000" SaldoIni="0.00" Debe="0.00" Haber="0.00" SaldoFin="0.00" /><BCE:Ctas NumCta="217000000000" SaldoIni="0.00" Debe="0.00" Haber="0.00" SaldoFin="0.00" /><BCE:Ctas NumCta="217010000000" SaldoIni="0.00" Debe="0.00" Haber="0.00" SaldoFin="0.00" /><BCE:Ctas NumCta="218000000000" SaldoIni="0.00" Debe="0.00" Haber="0.00" SaldoFin="0.00" /><BCE:Ctas NumCta="218010000000" SaldoIni="0.00" Debe="0.00" Haber="0.00" SaldoFin="0.00" /><BCE:Ctas NumCta="218020000000" SaldoIni="0.00" Debe="0.00" Haber="0.00" SaldoFin="0.00" /><BCE:Ctas NumCta="300000000000" SaldoIni="0.00" Debe="0.00" Haber="0.00" SaldoFin="0.00" /><BCE:Ctas NumCta="301000000000" SaldoIni="0.00" Debe="0.00" Haber="0.00" SaldoFin="0.00" /><BCE:Ctas NumCta="301010000000" SaldoIni="0.00" Debe="0.00" Haber="0.00" SaldoFin="0.00" /><BCE:Ctas NumCta="301020000000" SaldoIni="0.00" Debe="0.00" Haber="0.00" SaldoFin="0.00" /><BCE:Ctas NumCta="301030000000" SaldoIni="0.00" Debe="0.00" Haber="0.00" SaldoFin="0.00" /><BCE:Ctas NumCta="303000000000" SaldoIni="0.00" Debe="0.00" Haber="0.00" SaldoFin="0.00" /><BCE:Ctas NumCta="303010000000" SaldoIni="0.00" Debe="0.00" Haber="0.00" SaldoFin="0.00" /><BCE:Ctas NumCta="304000000000" SaldoIni="0.00" Debe="0.00" Haber="0.00" SaldoFin="0.00" /><BCE:Ctas NumCta="304010000000" SaldoIni="0.00" Debe="0.00" Haber="0.00" SaldoFin="0.00" /><BCE:Ctas NumCta="304020000000" SaldoIni="0.00" Debe="0.00" Haber="0.00" SaldoFin="0.00" /><BCE:Ctas NumCta="305000000000" SaldoIni="0.00" Debe="0.00" Haber="0.00" SaldoFin="0.00" /><BCE:Ctas NumCta="305010000000" SaldoIni="0.00" Debe="0.00" Haber="0.00" SaldoFin="0.00" /><BCE:Ctas NumCta="305020000000" SaldoIni="0.00" Debe="0.00" Haber="0.00" SaldoFin="0.00" /><BCE:Ctas NumCta="400000000000" SaldoIni="0.00" Debe="0.00" Haber="0.00" SaldoFin="0.00" /><BCE:Ctas NumCta="401000000000" SaldoIni="0.00" Debe="0.00" Haber="0.00" SaldoFin="0.00" /><BCE:Ctas NumCta="401010000000" SaldoIni="0.00" Debe="0.00" Haber="0.00" SaldoFin="0.00" /><BCE:Ctas NumCta="401020000000" SaldoIni="0.00" Debe="0.00" Haber="0.00" SaldoFin="0.00" /><BCE:Ctas NumCta="401030000000" SaldoIni="0.00" Debe="0.00" Haber="0.00" SaldoFin="0.00" /><BCE:Ctas NumCta="401040000000" SaldoIni="0.00" Debe="0.00" Haber="0.00" SaldoFin="0.00" /><BCE:Ctas NumCta="401050000000" SaldoIni="0.00" Debe="0.00" Haber="0.00" SaldoFin="0.00" /><BCE:Ctas NumCta="401060000000" SaldoIni="0.00" Debe="0.00" Haber="0.00" SaldoFin="0.00" /><BCE:Ctas NumCta="401070000000" SaldoIni="0.00" Debe="0.00" Haber="0.00" SaldoFin="0.00" /><BCE:Ctas NumCta="402000000000" SaldoIni="0.00" Debe="0.00" Haber="0.00" SaldoFin="0.00" /><BCE:Ctas NumCta="402010000000" SaldoIni="0.00" Debe="0.00" Haber="0.00" SaldoFin="0.00" /><BCE:Ctas NumCta="402020000000" SaldoIni="0.00" Debe="0.00" Haber="0.00" SaldoFin="0.00" /><BCE:Ctas NumCta="402030000000" SaldoIni="0.00" Debe="0.00" Haber="0.00" SaldoFin="0.00" /><BCE:Ctas NumCta="402040000000" SaldoIni="0.00" Debe="0.00" Haber="0.00" SaldoFin="0.00" /><BCE:Ctas NumCta="402050000000" SaldoIni="0.00" Debe="0.00" Haber="0.00" SaldoFin="0.00" /><BCE:Ctas NumCta="402060000000" SaldoIni="0.00" Debe="0.00" Haber="0.00" SaldoFin="0.00" /><BCE:Ctas NumCta="402070000000" SaldoIni="0.00" Debe="0.00" Haber="0.00" SaldoFin="0.00" /><BCE:Ctas NumCta="403000000000" SaldoIni="0.00" Debe="0.00" Haber="0.00" SaldoFin="0.00" /><BCE:Ctas NumCta="403010000000" SaldoIni="0.00" Debe="0.00" Haber="0.00" SaldoFin="0.00" /><BCE:Ctas NumCta="500000000000" SaldoIni="0.00" Debe="0.00" Haber="0.00" SaldoFin="0.00" /><BCE:Ctas NumCta="501000000000" SaldoIni="0.00" Debe="0.00" Haber="0.00" SaldoFin="0.00" /><BCE:Ctas NumCta="501010000000" SaldoIni="0.00" Debe="0.00" Haber="0.00" SaldoFin="0.00" /><BCE:Ctas NumCta="503000000000" SaldoIni="0.00" Debe="0.00" Haber="0.00" SaldoFin="0.00" /><BCE:Ctas NumCta="503010000000" SaldoIni="0.00" Debe="0.00" Haber="0.00" SaldoFin="0.00" /><BCE:Ctas NumCta="503020000000" SaldoIni="0.00" Debe="0.00" Haber="0.00" SaldoFin="0.00" /><BCE:Ctas NumCta="503030000000" SaldoIni="0.00" Debe="0.00" Haber="0.00" SaldoFin="0.00" /><BCE:Ctas NumCta="503040000000" SaldoIni="0.00" Debe="0.00" Haber="0.00" SaldoFin="0.00" /><BCE:Ctas NumCta="503050000000" SaldoIni="0.00" Debe="0.00" Haber="0.00" SaldoFin="0.00" /><BCE:Ctas NumCta="505000000000" SaldoIni="0.00" Debe="0.00" Haber="0.00" SaldoFin="0.00" /><BCE:Ctas NumCta="505010000000" SaldoIni="0.00" Debe="0.00" Haber="0.00" SaldoFin="0.00" /><BCE:Ctas NumCta="505020000000" SaldoIni="0.00" Debe="0.00" Haber="0.00" SaldoFin="0.00" /><BCE:Ctas NumCta="600000000000" SaldoIni="0.00" Debe="0.00" Haber="0.00" SaldoFin="0.00" /><BCE:Ctas NumCta="602000000000" SaldoIni="0.00" Debe="0.00" Haber="0.00" SaldoFin="0.00" /><BCE:Ctas NumCta="602010000000" SaldoIni="0.00" Debe="0.00" Haber="0.00" SaldoFin="0.00" /><BCE:Ctas NumCta="602020000000" SaldoIni="0.00" Debe="0.00" Haber="0.00" SaldoFin="0.00" /><BCE:Ctas NumCta="602030000000" SaldoIni="0.00" Debe="0.00" Haber="0.00" SaldoFin="0.00" /><BCE:Ctas NumCta="602040000000" SaldoIni="0.00" Debe="0.00" Haber="0.00" SaldoFin="0.00" /><BCE:Ctas NumCta="602050000000" SaldoIni="0.00" Debe="0.00" Haber="0.00" SaldoFin="0.00" /><BCE:Ctas NumCta="603000000000" SaldoIni="0.00" Debe="0.00" Haber="0.00" SaldoFin="0.00" /><BCE:Ctas NumCta="603010000000" SaldoIni="0.00" Debe="0.00" Haber="0.00" SaldoFin="0.00" /><BCE:Ctas NumCta="603010001000" SaldoIni="0.00" Debe="0.00" Haber="0.00" SaldoFin="0.00" /><BCE:Ctas NumCta="603010002000" SaldoIni="0.00" Debe="0.00" Haber="0.00" SaldoFin="0.00" /><BCE:Ctas NumCta="603010003000" SaldoIni="0.00" Debe="0.00" Haber="0.00" SaldoFin="0.00" /><BCE:Ctas NumCta="603010004000" SaldoIni="0.00" Debe="0.00" Haber="0.00" SaldoFin="0.00" /><BCE:Ctas NumCta="603010005000" SaldoIni="0.00" Debe="0.00" Haber="0.00" SaldoFin="0.00" /><BCE:Ctas NumCta="603010006000" SaldoIni="0.00" Debe="0.00" Haber="0.00" SaldoFin="0.00" /><BCE:Ctas NumCta="603010007000" SaldoIni="0.00" Debe="0.00" Haber="0.00" SaldoFin="0.00" /><BCE:Ctas NumCta="603010008000" SaldoIni="0.00" Debe="0.00" Haber="0.00" SaldoFin="0.00" /><BCE:Ctas NumCta="603010009000" SaldoIni="0.00" Debe="0.00" Haber="0.00" SaldoFin="0.00" /><BCE:Ctas NumCta="603010010000" SaldoIni="0.00" Debe="0.00" Haber="0.00" SaldoFin="0.00" /><BCE:Ctas NumCta="603010011000" SaldoIni="0.00" Debe="0.00" Haber="0.00" SaldoFin="0.00" /><BCE:Ctas NumCta="603010012000" SaldoIni="0.00" Debe="0.00" Haber="0.00" SaldoFin="0.00" /><BCE:Ctas NumCta="603010013000" SaldoIni="0.00" Debe="0.00" Haber="0.00" SaldoFin="0.00" /><BCE:Ctas NumCta="603010014000" SaldoIni="0.00" Debe="0.00" Haber="0.00" SaldoFin="0.00" /><BCE:Ctas NumCta="603010015000" SaldoIni="0.00" Debe="0.00" Haber="0.00" SaldoFin="0.00" /><BCE:Ctas NumCta="603010016000" SaldoIni="0.00" Debe="0.00" Haber="0.00" SaldoFin="0.00" /><BCE:Ctas NumCta="603010017000" SaldoIni="0.00" Debe="0.00" Haber="0.00" SaldoFin="0.00" /><BCE:Ctas NumCta="603010017002" SaldoIni="0.00" Debe="0.00" Haber="0.00" SaldoFin="0.00" /><BCE:Ctas NumCta="603010017003" SaldoIni="0.00" Debe="0.00" Haber="0.00" SaldoFin="0.00" /><BCE:Ctas NumCta="603010017004" SaldoIni="0.00" Debe="0.00" Haber="0.00" SaldoFin="0.00" /><BCE:Ctas NumCta="603010018000" SaldoIni="0.00" Debe="0.00" Haber="0.00" SaldoFin="0.00" /><BCE:Ctas NumCta="603010019000" SaldoIni="0.00" Debe="0.00" Haber="0.00" SaldoFin="0.00" /><BCE:Ctas NumCta="603010020000" SaldoIni="0.00" Debe="0.00" Haber="0.00" SaldoFin="0.00" /><BCE:Ctas NumCta="603010021000" SaldoIni="0.00" Debe="0.00" Haber="0.00" SaldoFin="0.00" /><BCE:Ctas NumCta="603010022000" SaldoIni="0.00" Debe="0.00" Haber="0.00" SaldoFin="0.00" /><BCE:Ctas NumCta="603010023000" SaldoIni="0.00" Debe="0.00" Haber="0.00" SaldoFin="0.00" /><BCE:Ctas NumCta="603010025000" SaldoIni="0.00" Debe="0.00" Haber="0.00" SaldoFin="0.00" /><BCE:Ctas NumCta="603010026000" SaldoIni="0.00" Debe="0.00" Haber="0.00" SaldoFin="0.00" /><BCE:Ctas NumCta="603010027000" SaldoIni="0.00" Debe="0.00" Haber="0.00" SaldoFin="0.00" /><BCE:Ctas NumCta="603010028000" SaldoIni="0.00" Debe="0.00" Haber="0.00" SaldoFin="0.00" /><BCE:Ctas NumCta="603010029000" SaldoIni="0.00" Debe="0.00" Haber="0.00" SaldoFin="0.00" /><BCE:Ctas NumCta="603010030000" SaldoIni="0.00" Debe="0.00" Haber="0.00" SaldoFin="0.00" /><BCE:Ctas NumCta="603010031000" SaldoIni="0.00" Debe="0.00" Haber="0.00" SaldoFin="0.00" /><BCE:Ctas NumCta="603010032000" SaldoIni="0.00" Debe="0.00" Haber="0.00" SaldoFin="0.00" /><BCE:Ctas NumCta="603010032002" SaldoIni="0.00" Debe="0.00" Haber="0.00" SaldoFin="0.00" /><BCE:Ctas NumCta="603010032003" SaldoIni="0.00" Debe="0.00" Haber="0.00" SaldoFin="0.00" /><BCE:Ctas NumCta="603010032004" SaldoIni="0.00" Debe="0.00" Haber="0.00" SaldoFin="0.00" /><BCE:Ctas NumCta="603010034000" SaldoIni="0.00" Debe="0.00" Haber="0.00" SaldoFin="0.00" /><BCE:Ctas NumCta="603010034001" SaldoIni="0.00" Debe="0.00" Haber="0.00" SaldoFin="0.00" /><BCE:Ctas NumCta="603010034002" SaldoIni="0.00" Debe="0.00" Haber="0.00" SaldoFin="0.00" /><BCE:Ctas NumCta="603010038000" SaldoIni="0.00" Debe="0.00" Haber="0.00" SaldoFin="0.00" /><BCE:Ctas NumCta="603010042000" SaldoIni="0.00" Debe="0.00" Haber="0.00" SaldoFin="0.00" /><BCE:Ctas NumCta="603010043000" SaldoIni="0.00" Debe="0.00" Haber="0.00" SaldoFin="0.00" /><BCE:Ctas NumCta="603010044000" SaldoIni="0.00" Debe="0.00" Haber="0.00" SaldoFin="0.00" /><BCE:Ctas NumCta="603010045000" SaldoIni="0.00" Debe="0.00" Haber="0.00" SaldoFin="0.00" /><BCE:Ctas NumCta="603010045001" SaldoIni="0.00" Debe="0.00" Haber="0.00" SaldoFin="0.00" /><BCE:Ctas NumCta="603010045002" SaldoIni="0.00" Debe="0.00" Haber="0.00" SaldoFin="0.00" /><BCE:Ctas NumCta="603010045003" SaldoIni="0.00" Debe="0.00" Haber="0.00" SaldoFin="0.00" /><BCE:Ctas NumCta="603010046000" SaldoIni="0.00" Debe="0.00" Haber="0.00" SaldoFin="0.00" /><BCE:Ctas NumCta="603010048000" SaldoIni="0.00" Debe="0.00" Haber="0.00" SaldoFin="0.00" /><BCE:Ctas NumCta="603010048007" SaldoIni="0.00" Debe="0.00" Haber="0.00" SaldoFin="0.00" /><BCE:Ctas NumCta="603010048009" SaldoIni="0.00" Debe="0.00" Haber="0.00" SaldoFin="0.00" /><BCE:Ctas NumCta="603010048015" SaldoIni="0.00" Debe="0.00" Haber="0.00" SaldoFin="0.00" /><BCE:Ctas NumCta="603010048024" SaldoIni="0.00" Debe="0.00" Haber="0.00" SaldoFin="0.00" /><BCE:Ctas NumCta="603010048028" SaldoIni="0.00" Debe="0.00" Haber="0.00" SaldoFin="0.00" /><BCE:Ctas NumCta="603010048042" SaldoIni="0.00" Debe="0.00" Haber="0.00" SaldoFin="0.00" /><BCE:Ctas NumCta="603010048049" SaldoIni="0.00" Debe="0.00" Haber="0.00" SaldoFin="0.00" /><BCE:Ctas NumCta="603010048091" SaldoIni="0.00" Debe="0.00" Haber="0.00" SaldoFin="0.00" /><BCE:Ctas NumCta="603010048109" SaldoIni="0.00" Debe="0.00" Haber="0.00" SaldoFin="0.00" /><BCE:Ctas NumCta="603010048113" SaldoIni="0.00" Debe="0.00" Haber="0.00" SaldoFin="0.00" /><BCE:Ctas NumCta="603010048517" SaldoIni="0.00" Debe="0.00" Haber="0.00" SaldoFin="0.00" /><BCE:Ctas NumCta="603010048601" SaldoIni="0.00" Debe="0.00" Haber="0.00" SaldoFin="0.00" /><BCE:Ctas NumCta="603010048932" SaldoIni="0.00" Debe="0.00" Haber="0.00" SaldoFin="0.00" /><BCE:Ctas NumCta="603010048933" SaldoIni="0.00" Debe="0.00" Haber="0.00" SaldoFin="0.00" /><BCE:Ctas NumCta="603010048934" SaldoIni="0.00" Debe="0.00" Haber="0.00" SaldoFin="0.00" /><BCE:Ctas NumCta="603010049000" SaldoIni="0.00" Debe="0.00" Haber="0.00" SaldoFin="0.00" /><BCE:Ctas NumCta="603010049002" SaldoIni="0.00" Debe="0.00" Haber="0.00" SaldoFin="0.00" /><BCE:Ctas NumCta="603010049003" SaldoIni="0.00" Debe="0.00" Haber="0.00" SaldoFin="0.00" /><BCE:Ctas NumCta="603010049004" SaldoIni="0.00" Debe="0.00" Haber="0.00" SaldoFin="0.00" /><BCE:Ctas NumCta="603010049005" SaldoIni="0.00" Debe="0.00" Haber="0.00" SaldoFin="0.00" /><BCE:Ctas NumCta="603010050000" SaldoIni="0.00" Debe="0.00" Haber="0.00" SaldoFin="0.00" /><BCE:Ctas NumCta="603010050001" SaldoIni="0.00" Debe="0.00" Haber="0.00" SaldoFin="0.00" /><BCE:Ctas NumCta="603010050002" SaldoIni="0.00" Debe="0.00" Haber="0.00" SaldoFin="0.00" /><BCE:Ctas NumCta="603010050003" SaldoIni="0.00" Debe="0.00" Haber="0.00" SaldoFin="0.00" /><BCE:Ctas NumCta="603010051000" SaldoIni="0.00" Debe="0.00" Haber="0.00" SaldoFin="0.00" /><BCE:Ctas NumCta="603010051001" SaldoIni="0.00" Debe="0.00" Haber="0.00" SaldoFin="0.00" /><BCE:Ctas NumCta="603010051002" SaldoIni="0.00" Debe="0.00" Haber="0.00" SaldoFin="0.00" /><BCE:Ctas NumCta="603010051003" SaldoIni="0.00" Debe="0.00" Haber="0.00" SaldoFin="0.00" /><BCE:Ctas NumCta="603010052000" SaldoIni="0.00" Debe="0.00" Haber="0.00" SaldoFin="0.00" /><BCE:Ctas NumCta="603010052001" SaldoIni="0.00" Debe="0.00" Haber="0.00" SaldoFin="0.00" /><BCE:Ctas NumCta="603010053000" SaldoIni="0.00" Debe="0.00" Haber="0.00" SaldoFin="0.00" /><BCE:Ctas NumCta="603010053001" SaldoIni="0.00" Debe="0.00" Haber="0.00" SaldoFin="0.00" /><BCE:Ctas NumCta="603010053002" SaldoIni="0.00" Debe="0.00" Haber="0.00" SaldoFin="0.00" /><BCE:Ctas NumCta="603010053004" SaldoIni="0.00" Debe="0.00" Haber="0.00" SaldoFin="0.00" /><BCE:Ctas NumCta="603010053005" SaldoIni="0.00" Debe="0.00" Haber="0.00" SaldoFin="0.00" /><BCE:Ctas NumCta="603010053006" SaldoIni="0.00" Debe="0.00" Haber="0.00" SaldoFin="0.00" /><BCE:Ctas NumCta="603010053007" SaldoIni="0.00" Debe="0.00" Haber="0.00" SaldoFin="0.00" /><BCE:Ctas NumCta="603010053008" SaldoIni="0.00" Debe="0.00" Haber="0.00" SaldoFin="0.00" /><BCE:Ctas NumCta="603010053009" SaldoIni="0.00" Debe="0.00" Haber="0.00" SaldoFin="0.00" /><BCE:Ctas NumCta="603010054000" SaldoIni="0.00" Debe="0.00" Haber="0.00" SaldoFin="0.00" /><BCE:Ctas NumCta="603010054001" SaldoIni="0.00" Debe="0.00" Haber="0.00" SaldoFin="0.00" /><BCE:Ctas NumCta="603010054002" SaldoIni="0.00" Debe="0.00" Haber="0.00" SaldoFin="0.00" /><BCE:Ctas NumCta="603010054003" SaldoIni="0.00" Debe="0.00" Haber="0.00" SaldoFin="0.00" /><BCE:Ctas NumCta="603010054004" SaldoIni="0.00" Debe="0.00" Haber="0.00" SaldoFin="0.00" /><BCE:Ctas NumCta="603010054005" SaldoIni="0.00" Debe="0.00" Haber="0.00" SaldoFin="0.00" /><BCE:Ctas NumCta="603010054006" SaldoIni="0.00" Debe="0.00" Haber="0.00" SaldoFin="0.00" /><BCE:Ctas NumCta="603010054007" SaldoIni="0.00" Debe="0.00" Haber="0.00" SaldoFin="0.00" /><BCE:Ctas NumCta="603010054008" SaldoIni="0.00" Debe="0.00" Haber="0.00" SaldoFin="0.00" /><BCE:Ctas NumCta="603010054009" SaldoIni="0.00" Debe="0.00" Haber="0.00" SaldoFin="0.00" /><BCE:Ctas NumCta="603010054010" SaldoIni="0.00" Debe="0.00" Haber="0.00" SaldoFin="0.00" /><BCE:Ctas NumCta="603010055000" SaldoIni="0.00" Debe="0.00" Haber="0.00" SaldoFin="0.00" /><BCE:Ctas NumCta="603010055001" SaldoIni="0.00" Debe="0.00" Haber="0.00" SaldoFin="0.00" /><BCE:Ctas NumCta="603010055002" SaldoIni="0.00" Debe="0.00" Haber="0.00" SaldoFin="0.00" /><BCE:Ctas NumCta="603010055003" SaldoIni="0.00" Debe="0.00" Haber="0.00" SaldoFin="0.00" /><BCE:Ctas NumCta="603010055004" SaldoIni="0.00" Debe="0.00" Haber="0.00" SaldoFin="0.00" /><BCE:Ctas NumCta="603010055005" SaldoIni="0.00" Debe="0.00" Haber="0.00" SaldoFin="0.00" /><BCE:Ctas NumCta="603010055006" SaldoIni="0.00" Debe="0.00" Haber="0.00" SaldoFin="0.00" /><BCE:Ctas NumCta="603010055007" SaldoIni="0.00" Debe="0.00" Haber="0.00" SaldoFin="0.00" /><BCE:Ctas NumCta="603010055008" SaldoIni="0.00" Debe="0.00" Haber="0.00" SaldoFin="0.00" /><BCE:Ctas NumCta="603010055009" SaldoIni="0.00" Debe="0.00" Haber="0.00" SaldoFin="0.00" /><BCE:Ctas NumCta="603010055010" SaldoIni="0.00" Debe="0.00" Haber="0.00" SaldoFin="0.00" /><BCE:Ctas NumCta="603010055011" SaldoIni="0.00" Debe="0.00" Haber="0.00" SaldoFin="0.00" /><BCE:Ctas NumCta="603010055012" SaldoIni="0.00" Debe="0.00" Haber="0.00" SaldoFin="0.00" /><BCE:Ctas NumCta="603010055013" SaldoIni="0.00" Debe="0.00" Haber="0.00" SaldoFin="0.00" /><BCE:Ctas NumCta="603010055014" SaldoIni="0.00" Debe="0.00" Haber="0.00" SaldoFin="0.00" /><BCE:Ctas NumCta="603010055015" SaldoIni="0.00" Debe="0.00" Haber="0.00" SaldoFin="0.00" /><BCE:Ctas NumCta="603010055016" SaldoIni="0.00" Debe="0.00" Haber="0.00" SaldoFin="0.00" /><BCE:Ctas NumCta="603010055017" SaldoIni="0.00" Debe="0.00" Haber="0.00" SaldoFin="0.00" /><BCE:Ctas NumCta="603010055018" SaldoIni="0.00" Debe="0.00" Haber="0.00" SaldoFin="0.00" /><BCE:Ctas NumCta="603010055019" SaldoIni="0.00" Debe="0.00" Haber="0.00" SaldoFin="0.00" /><BCE:Ctas NumCta="603010055020" SaldoIni="0.00" Debe="0.00" Haber="0.00" SaldoFin="0.00" /><BCE:Ctas NumCta="603010055021" SaldoIni="0.00" Debe="0.00" Haber="0.00" SaldoFin="0.00" /><BCE:Ctas NumCta="603010055022" SaldoIni="0.00" Debe="0.00" Haber="0.00" SaldoFin="0.00" /><BCE:Ctas NumCta="603010056000" SaldoIni="0.00" Debe="0.00" Haber="0.00" SaldoFin="0.00" /><BCE:Ctas NumCta="603010056001" SaldoIni="0.00" Debe="0.00" Haber="0.00" SaldoFin="0.00" /><BCE:Ctas NumCta="603010056002" SaldoIni="0.00" Debe="0.00" Haber="0.00" SaldoFin="0.00" /><BCE:Ctas NumCta="603010056003" SaldoIni="0.00" Debe="0.00" Haber="0.00" SaldoFin="0.00" /><BCE:Ctas NumCta="603010056004" SaldoIni="0.00" Debe="0.00" Haber="0.00" SaldoFin="0.00" /><BCE:Ctas NumCta="603010056005" SaldoIni="0.00" Debe="0.00" Haber="0.00" SaldoFin="0.00" /><BCE:Ctas NumCta="603010056006" SaldoIni="0.00" Debe="0.00" Haber="0.00" SaldoFin="0.00" /><BCE:Ctas NumCta="603010056007" SaldoIni="0.00" Debe="0.00" Haber="0.00" SaldoFin="0.00" /><BCE:Ctas NumCta="603010056008" SaldoIni="0.00" Debe="0.00" Haber="0.00" SaldoFin="0.00" /><BCE:Ctas NumCta="603010056009" SaldoIni="0.00" Debe="0.00" Haber="0.00" SaldoFin="0.00" /><BCE:Ctas NumCta="603010056010" SaldoIni="0.00" Debe="0.00" Haber="0.00" SaldoFin="0.00" /><BCE:Ctas NumCta="603010056011" SaldoIni="0.00" Debe="0.00" Haber="0.00" SaldoFin="0.00" /><BCE:Ctas NumCta="603010056012" SaldoIni="0.00" Debe="0.00" Haber="0.00" SaldoFin="0.00" /><BCE:Ctas NumCta="603010056013" SaldoIni="0.00" Debe="0.00" Haber="0.00" SaldoFin="0.00" /><BCE:Ctas NumCta="603010056014" SaldoIni="0.00" Debe="0.00" Haber="0.00" SaldoFin="0.00" /><BCE:Ctas NumCta="603010056015" SaldoIni="0.00" Debe="0.00" Haber="0.00" SaldoFin="0.00" /><BCE:Ctas NumCta="603010056016" SaldoIni="0.00" Debe="0.00" Haber="0.00" SaldoFin="0.00" /><BCE:Ctas NumCta="603010056017" SaldoIni="0.00" Debe="0.00" Haber="0.00" SaldoFin="0.00" /><BCE:Ctas NumCta="603010056018" SaldoIni="0.00" Debe="0.00" Haber="0.00" SaldoFin="0.00" /><BCE:Ctas NumCta="603010056019" SaldoIni="0.00" Debe="0.00" Haber="0.00" SaldoFin="0.00" /><BCE:Ctas NumCta="603010056020" SaldoIni="0.00" Debe="0.00" Haber="0.00" SaldoFin="0.00" /><BCE:Ctas NumCta="603010056021" SaldoIni="0.00" Debe="0.00" Haber="0.00" SaldoFin="0.00" /><BCE:Ctas NumCta="603010056022" SaldoIni="0.00" Debe="0.00" Haber="0.00" SaldoFin="0.00" /><BCE:Ctas NumCta="603010056023" SaldoIni="0.00" Debe="0.00" Haber="0.00" SaldoFin="0.00" /><BCE:Ctas NumCta="603010056024" SaldoIni="0.00" Debe="0.00" Haber="0.00" SaldoFin="0.00" /><BCE:Ctas NumCta="603010056025" SaldoIni="0.00" Debe="0.00" Haber="0.00" SaldoFin="0.00" /><BCE:Ctas NumCta="603010056026" SaldoIni="0.00" Debe="0.00" Haber="0.00" SaldoFin="0.00" /><BCE:Ctas NumCta="603010056027" SaldoIni="0.00" Debe="0.00" Haber="0.00" SaldoFin="0.00" /><BCE:Ctas NumCta="603010056028" SaldoIni="0.00" Debe="0.00" Haber="0.00" SaldoFin="0.00" /><BCE:Ctas NumCta="603010057000" SaldoIni="0.00" Debe="0.00" Haber="0.00" SaldoFin="0.00" /><BCE:Ctas NumCta="603010057067" SaldoIni="0.00" Debe="0.00" Haber="0.00" SaldoFin="0.00" /><BCE:Ctas NumCta="603010058000" SaldoIni="0.00" Debe="0.00" Haber="0.00" SaldoFin="0.00" /><BCE:Ctas NumCta="603010058067" SaldoIni="0.00" Debe="0.00" Haber="0.00" SaldoFin="0.00" /><BCE:Ctas NumCta="603010058100" SaldoIni="0.00" Debe="0.00" Haber="0.00" SaldoFin="0.00" /><BCE:Ctas NumCta="603010058200" SaldoIni="0.00" Debe="0.00" Haber="0.00" SaldoFin="0.00" /><BCE:Ctas NumCta="603010059000" SaldoIni="0.00" Debe="0.00" Haber="0.00" SaldoFin="0.00" /><BCE:Ctas NumCta="603010059001" SaldoIni="0.00" Debe="0.00" Haber="0.00" SaldoFin="0.00" /><BCE:Ctas NumCta="603010060000" SaldoIni="0.00" Debe="0.00" Haber="0.00" SaldoFin="0.00" /><BCE:Ctas NumCta="603010060001" SaldoIni="0.00" Debe="0.00" Haber="0.00" SaldoFin="0.00" /><BCE:Ctas NumCta="603010060002" SaldoIni="0.00" Debe="0.00" Haber="0.00" SaldoFin="0.00" /><BCE:Ctas NumCta="603010060003" SaldoIni="0.00" Debe="0.00" Haber="0.00" SaldoFin="0.00" /><BCE:Ctas NumCta="603010060004" SaldoIni="0.00" Debe="0.00" Haber="0.00" SaldoFin="0.00" /><BCE:Ctas NumCta="603010061000" SaldoIni="0.00" Debe="0.00" Haber="0.00" SaldoFin="0.00" /><BCE:Ctas NumCta="603010061001" SaldoIni="0.00" Debe="0.00" Haber="0.00" SaldoFin="0.00" /><BCE:Ctas NumCta="603010061002" SaldoIni="0.00" Debe="0.00" Haber="0.00" SaldoFin="0.00" /><BCE:Ctas NumCta="603010061003" SaldoIni="0.00" Debe="0.00" Haber="0.00" SaldoFin="0.00" /><BCE:Ctas NumCta="603010062000" SaldoIni="0.00" Debe="0.00" Haber="0.00" SaldoFin="0.00" /><BCE:Ctas NumCta="603010062002" SaldoIni="0.00" Debe="0.00" Haber="0.00" SaldoFin="0.00" /><BCE:Ctas NumCta="603010062003" SaldoIni="0.00" Debe="0.00" Haber="0.00" SaldoFin="0.00" /><BCE:Ctas NumCta="603010063000" SaldoIni="0.00" Debe="0.00" Haber="0.00" SaldoFin="0.00" /><BCE:Ctas NumCta="603010063001" SaldoIni="0.00" Debe="0.00" Haber="0.00" SaldoFin="0.00" /><BCE:Ctas NumCta="603010064000" SaldoIni="0.00" Debe="0.00" Haber="0.00" SaldoFin="0.00" /><BCE:Ctas NumCta="603010064001" SaldoIni="0.00" Debe="0.00" Haber="0.00" SaldoFin="0.00" /><BCE:Ctas NumCta="603010064002" SaldoIni="0.00" Debe="0.00" Haber="0.00" SaldoFin="0.00" /><BCE:Ctas NumCta="603010064003" SaldoIni="0.00" Debe="0.00" Haber="0.00" SaldoFin="0.00" /><BCE:Ctas NumCta="603010064004" SaldoIni="0.00" Debe="0.00" Haber="0.00" SaldoFin="0.00" /><BCE:Ctas NumCta="603010064005" SaldoIni="0.00" Debe="0.00" Haber="0.00" SaldoFin="0.00" /><BCE:Ctas NumCta="603010064006" SaldoIni="0.00" Debe="0.00" Haber="0.00" SaldoFin="0.00" /><BCE:Ctas NumCta="603010072000" SaldoIni="0.00" Debe="0.00" Haber="0.00" SaldoFin="0.00" /><BCE:Ctas NumCta="603010072001" SaldoIni="0.00" Debe="0.00" Haber="0.00" SaldoFin="0.00" /><BCE:Ctas NumCta="603010072002" SaldoIni="0.00" Debe="0.00" Haber="0.00" SaldoFin="0.00" /><BCE:Ctas NumCta="603010072003" SaldoIni="0.00" Debe="0.00" Haber="0.00" SaldoFin="0.00" /><BCE:Ctas NumCta="603010073000" SaldoIni="0.00" Debe="0.00" Haber="0.00" SaldoFin="0.00" /><BCE:Ctas NumCta="603010074000" SaldoIni="0.00" Debe="0.00" Haber="0.00" SaldoFin="0.00" /><BCE:Ctas NumCta="603010075000" SaldoIni="0.00" Debe="0.00" Haber="0.00" SaldoFin="0.00" /><BCE:Ctas NumCta="603010075001" SaldoIni="0.00" Debe="0.00" Haber="0.00" SaldoFin="0.00" /><BCE:Ctas NumCta="603010075002" SaldoIni="0.00" Debe="0.00" Haber="0.00" SaldoFin="0.00" /><BCE:Ctas NumCta="603010075003" SaldoIni="0.00" Debe="0.00" Haber="0.00" SaldoFin="0.00" /><BCE:Ctas NumCta="603010075004" SaldoIni="0.00" Debe="0.00" Haber="0.00" SaldoFin="0.00" /><BCE:Ctas NumCta="603010075005" SaldoIni="0.00" Debe="0.00" Haber="0.00" SaldoFin="0.00" /><BCE:Ctas NumCta="603010075006" SaldoIni="0.00" Debe="0.00" Haber="0.00" SaldoFin="0.00" /><BCE:Ctas NumCta="603010076000" SaldoIni="0.00" Debe="0.00" Haber="0.00" SaldoFin="0.00" /><BCE:Ctas NumCta="603010078000" SaldoIni="0.00" Debe="0.00" Haber="0.00" SaldoFin="0.00" /><BCE:Ctas NumCta="603010078001" SaldoIni="0.00" Debe="0.00" Haber="0.00" SaldoFin="0.00" /><BCE:Ctas NumCta="603010078002" SaldoIni="0.00" Debe="0.00" Haber="0.00" SaldoFin="0.00" /><BCE:Ctas NumCta="603010079000" SaldoIni="0.00" Debe="0.00" Haber="0.00" SaldoFin="0.00" /><BCE:Ctas NumCta="603010081000" SaldoIni="0.00" Debe="0.00" Haber="0.00" SaldoFin="0.00" /><BCE:Ctas NumCta="603010081001" SaldoIni="0.00" Debe="0.00" Haber="0.00" SaldoFin="0.00" /><BCE:Ctas NumCta="603010082000" SaldoIni="0.00" Debe="0.00" Haber="0.00" SaldoFin="0.00" /><BCE:Ctas NumCta="603010083000" SaldoIni="0.00" Debe="0.00" Haber="0.00" SaldoFin="0.00" /><BCE:Ctas NumCta="603010083007" SaldoIni="0.00" Debe="0.00" Haber="0.00" SaldoFin="0.00" /><BCE:Ctas NumCta="603010083032" SaldoIni="0.00" Debe="0.00" Haber="0.00" SaldoFin="0.00" /><BCE:Ctas NumCta="603010083044" SaldoIni="0.00" Debe="0.00" Haber="0.00" SaldoFin="0.00" /><BCE:Ctas NumCta="603010083046" SaldoIni="0.00" Debe="0.00" Haber="0.00" SaldoFin="0.00" /><BCE:Ctas NumCta="603010083067" SaldoIni="0.00" Debe="0.00" Haber="0.00" SaldoFin="0.00" /><BCE:Ctas NumCta="603010083204" SaldoIni="0.00" Debe="0.00" Haber="0.00" SaldoFin="0.00" /><BCE:Ctas NumCta="603010084000" SaldoIni="0.00" Debe="0.00" Haber="0.00" SaldoFin="0.00" /><BCE:Ctas NumCta="603010084001" SaldoIni="0.00" Debe="0.00" Haber="0.00" SaldoFin="0.00" /><BCE:Ctas NumCta="603010084002" SaldoIni="0.00" Debe="0.00" Haber="0.00" SaldoFin="0.00" /><BCE:Ctas NumCta="603010084003" SaldoIni="0.00" Debe="0.00" Haber="0.00" SaldoFin="0.00" /><BCE:Ctas NumCta="603010084004" SaldoIni="0.00" Debe="0.00" Haber="0.00" SaldoFin="0.00" /><BCE:Ctas NumCta="603010084005" SaldoIni="0.00" Debe="0.00" Haber="0.00" SaldoFin="0.00" /><BCE:Ctas NumCta="603010084006" SaldoIni="0.00" Debe="0.00" Haber="0.00" SaldoFin="0.00" /><BCE:Ctas NumCta="603010084007" SaldoIni="0.00" Debe="0.00" Haber="0.00" SaldoFin="0.00" /><BCE:Ctas NumCta="603010084008" SaldoIni="0.00" Debe="0.00" Haber="0.00" SaldoFin="0.00" /><BCE:Ctas NumCta="603010084009" SaldoIni="0.00" Debe="0.00" Haber="0.00" SaldoFin="0.00" /><BCE:Ctas NumCta="603010085000" SaldoIni="0.00" Debe="0.00" Haber="0.00" SaldoFin="0.00" /><BCE:Ctas NumCta="603010085001" SaldoIni="0.00" Debe="0.00" Haber="0.00" SaldoFin="0.00" /><BCE:Ctas NumCta="603010086000" SaldoIni="0.00" Debe="0.00" Haber="0.00" SaldoFin="0.00" /><BCE:Ctas NumCta="603010086001" SaldoIni="0.00" Debe="0.00" Haber="0.00" SaldoFin="0.00" /><BCE:Ctas NumCta="603010086002" SaldoIni="0.00" Debe="0.00" Haber="0.00" SaldoFin="0.00" /><BCE:Ctas NumCta="603010086004" SaldoIni="0.00" Debe="0.00" Haber="0.00" SaldoFin="0.00" /><BCE:Ctas NumCta="603010087000" SaldoIni="0.00" Debe="0.00" Haber="0.00" SaldoFin="0.00" /><BCE:Ctas NumCta="603010087001" SaldoIni="0.00" Debe="0.00" Haber="0.00" SaldoFin="0.00" /><BCE:Ctas NumCta="603010088000" SaldoIni="0.00" Debe="0.00" Haber="0.00" SaldoFin="0.00" /><BCE:Ctas NumCta="603010088001" SaldoIni="0.00" Debe="0.00" Haber="0.00" SaldoFin="0.00" /><BCE:Ctas NumCta="603010089000" SaldoIni="0.00" Debe="0.00" Haber="0.00" SaldoFin="0.00" /><BCE:Ctas NumCta="603010090000" SaldoIni="0.00" Debe="0.00" Haber="0.00" SaldoFin="0.00" /><BCE:Ctas NumCta="603010090100" SaldoIni="0.00" Debe="0.00" Haber="0.00" SaldoFin="0.00" /><BCE:Ctas NumCta="603010090101" SaldoIni="0.00" Debe="0.00" Haber="0.00" SaldoFin="0.00" /><BCE:Ctas NumCta="603010090200" SaldoIni="0.00" Debe="0.00" Haber="0.00" SaldoFin="0.00" /><BCE:Ctas NumCta="603010090201" SaldoIni="0.00" Debe="0.00" Haber="0.00" SaldoFin="0.00" /><BCE:Ctas NumCta="603010090300" SaldoIni="0.00" Debe="0.00" Haber="0.00" SaldoFin="0.00" /><BCE:Ctas NumCta="603010090301" SaldoIni="0.00" Debe="0.00" Haber="0.00" SaldoFin="0.00" /><BCE:Ctas NumCta="603010090302" SaldoIni="0.00" Debe="0.00" Haber="0.00" SaldoFin="0.00" /><BCE:Ctas NumCta="603010090303" SaldoIni="0.00" Debe="0.00" Haber="0.00" SaldoFin="0.00" /><BCE:Ctas NumCta="603010090304" SaldoIni="0.00" Debe="0.00" Haber="0.00" SaldoFin="0.00" /><BCE:Ctas NumCta="603010090305" SaldoIni="0.00" Debe="0.00" Haber="0.00" SaldoFin="0.00" /><BCE:Ctas NumCta="603010090306" SaldoIni="0.00" Debe="0.00" Haber="0.00" SaldoFin="0.00" /><BCE:Ctas NumCta="603010090307" SaldoIni="0.00" Debe="0.00" Haber="0.00" SaldoFin="0.00" /><BCE:Ctas NumCta="603010090308" SaldoIni="0.00" Debe="0.00" Haber="0.00" SaldoFin="0.00" /><BCE:Ctas NumCta="603010090309" SaldoIni="0.00" Debe="0.00" Haber="0.00" SaldoFin="0.00" /><BCE:Ctas NumCta="603010090310" SaldoIni="0.00" Debe="0.00" Haber="0.00" SaldoFin="0.00" /><BCE:Ctas NumCta="603010090311" SaldoIni="0.00" Debe="0.00" Haber="0.00" SaldoFin="0.00" /><BCE:Ctas NumCta="603010090312" SaldoIni="0.00" Debe="0.00" Haber="0.00" SaldoFin="0.00" /><BCE:Ctas NumCta="603010090313" SaldoIni="0.00" Debe="0.00" Haber="0.00" SaldoFin="0.00" /><BCE:Ctas NumCta="603010090314" SaldoIni="0.00" Debe="0.00" Haber="0.00" SaldoFin="0.00" /><BCE:Ctas NumCta="603010090315" SaldoIni="0.00" Debe="0.00" Haber="0.00" SaldoFin="0.00" /><BCE:Ctas NumCta="603010090316" SaldoIni="0.00" Debe="0.00" Haber="0.00" SaldoFin="0.00" /><BCE:Ctas NumCta="603010090317" SaldoIni="0.00" Debe="0.00" Haber="0.00" SaldoFin="0.00" /><BCE:Ctas NumCta="603010090318" SaldoIni="0.00" Debe="0.00" Haber="0.00" SaldoFin="0.00" /><BCE:Ctas NumCta="603010090319" SaldoIni="0.00" Debe="0.00" Haber="0.00" SaldoFin="0.00" /><BCE:Ctas NumCta="603010090320" SaldoIni="0.00" Debe="0.00" Haber="0.00" SaldoFin="0.00" /><BCE:Ctas NumCta="603010090321" SaldoIni="0.00" Debe="0.00" Haber="0.00" SaldoFin="0.00" /><BCE:Ctas NumCta="603010090322" SaldoIni="0.00" Debe="0.00" Haber="0.00" SaldoFin="0.00" /><BCE:Ctas NumCta="603010090323" SaldoIni="0.00" Debe="0.00" Haber="0.00" SaldoFin="0.00" /><BCE:Ctas NumCta="603010090324" SaldoIni="0.00" Debe="0.00" Haber="0.00" SaldoFin="0.00" /><BCE:Ctas NumCta="603010090325" SaldoIni="0.00" Debe="0.00" Haber="0.00" SaldoFin="0.00" /><BCE:Ctas NumCta="603010090326" SaldoIni="0.00" Debe="0.00" Haber="0.00" SaldoFin="0.00" /><BCE:Ctas NumCta="603010090327" SaldoIni="0.00" Debe="0.00" Haber="0.00" SaldoFin="0.00" /><BCE:Ctas NumCta="603010090328" SaldoIni="0.00" Debe="0.00" Haber="0.00" SaldoFin="0.00" /><BCE:Ctas NumCta="603010090329" SaldoIni="0.00" Debe="0.00" Haber="0.00" SaldoFin="0.00" /><BCE:Ctas NumCta="603010090330" SaldoIni="0.00" Debe="0.00" Haber="0.00" SaldoFin="0.00" /><BCE:Ctas NumCta="603010090331" SaldoIni="0.00" Debe="0.00" Haber="0.00" SaldoFin="0.00" /><BCE:Ctas NumCta="603010090332" SaldoIni="0.00" Debe="0.00" Haber="0.00" SaldoFin="0.00" /><BCE:Ctas NumCta="603010090333" SaldoIni="0.00" Debe="0.00" Haber="0.00" SaldoFin="0.00" /><BCE:Ctas NumCta="603010090334" SaldoIni="0.00" Debe="0.00" Haber="0.00" SaldoFin="0.00" /><BCE:Ctas NumCta="603010094101" SaldoIni="0.00" Debe="0.00" Haber="0.00" SaldoFin="0.00" /><BCE:Ctas NumCta="603010095000" SaldoIni="0.00" Debe="0.00" Haber="0.00" SaldoFin="0.00" /><BCE:Ctas NumCta="603020000000" SaldoIni="0.00" Debe="0.00" Haber="0.00" SaldoFin="0.00" /><BCE:Ctas NumCta="603020001000" SaldoIni="0.00" Debe="0.00" Haber="0.00" SaldoFin="0.00" /><BCE:Ctas NumCta="603020002000" SaldoIni="0.00" Debe="0.00" Haber="0.00" SaldoFin="0.00" /><BCE:Ctas NumCta="603020003000" SaldoIni="0.00" Debe="0.00" Haber="0.00" SaldoFin="0.00" /><BCE:Ctas NumCta="603020004000" SaldoIni="0.00" Debe="0.00" Haber="0.00" SaldoFin="0.00" /><BCE:Ctas NumCta="603020005000" SaldoIni="0.00" Debe="0.00" Haber="0.00" SaldoFin="0.00" /><BCE:Ctas NumCta="603020006000" SaldoIni="0.00" Debe="0.00" Haber="0.00" SaldoFin="0.00" /><BCE:Ctas NumCta="603020007000" SaldoIni="0.00" Debe="0.00" Haber="0.00" SaldoFin="0.00" /><BCE:Ctas NumCta="603020008000" SaldoIni="0.00" Debe="0.00" Haber="0.00" SaldoFin="0.00" /><BCE:Ctas NumCta="603020009000" SaldoIni="0.00" Debe="0.00" Haber="0.00" SaldoFin="0.00" /><BCE:Ctas NumCta="603020010000" SaldoIni="0.00" Debe="0.00" Haber="0.00" SaldoFin="0.00" /><BCE:Ctas NumCta="603020011000" SaldoIni="0.00" Debe="0.00" Haber="0.00" SaldoFin="0.00" /><BCE:Ctas NumCta="603020012000" SaldoIni="0.00" Debe="0.00" Haber="0.00" SaldoFin="0.00" /><BCE:Ctas NumCta="603020013000" SaldoIni="0.00" Debe="0.00" Haber="0.00" SaldoFin="0.00" /><BCE:Ctas NumCta="603020014000" SaldoIni="0.00" Debe="0.00" Haber="0.00" SaldoFin="0.00" /><BCE:Ctas NumCta="603020015000" SaldoIni="0.00" Debe="0.00" Haber="0.00" SaldoFin="0.00" /><BCE:Ctas NumCta="603020016000" SaldoIni="0.00" Debe="0.00" Haber="0.00" SaldoFin="0.00" /><BCE:Ctas NumCta="603020017000" SaldoIni="0.00" Debe="0.00" Haber="0.00" SaldoFin="0.00" /><BCE:Ctas NumCta="603020017004" SaldoIni="0.00" Debe="0.00" Haber="0.00" SaldoFin="0.00" /><BCE:Ctas NumCta="603020018000" SaldoIni="0.00" Debe="0.00" Haber="0.00" SaldoFin="0.00" /><BCE:Ctas NumCta="603020019000" SaldoIni="0.00" Debe="0.00" Haber="0.00" SaldoFin="0.00" /><BCE:Ctas NumCta="603020020000" SaldoIni="0.00" Debe="0.00" Haber="0.00" SaldoFin="0.00" /><BCE:Ctas NumCta="603020021000" SaldoIni="0.00" Debe="0.00" Haber="0.00" SaldoFin="0.00" /><BCE:Ctas NumCta="603020022000" SaldoIni="0.00" Debe="0.00" Haber="0.00" SaldoFin="0.00" /><BCE:Ctas NumCta="603020023000" SaldoIni="0.00" Debe="0.00" Haber="0.00" SaldoFin="0.00" /><BCE:Ctas NumCta="603020025000" SaldoIni="0.00" Debe="0.00" Haber="0.00" SaldoFin="0.00" /><BCE:Ctas NumCta="603020026000" SaldoIni="0.00" Debe="0.00" Haber="0.00" SaldoFin="0.00" /><BCE:Ctas NumCta="603020027000" SaldoIni="0.00" Debe="0.00" Haber="0.00" SaldoFin="0.00" /><BCE:Ctas NumCta="603020028000" SaldoIni="0.00" Debe="0.00" Haber="0.00" SaldoFin="0.00" /><BCE:Ctas NumCta="603020029000" SaldoIni="0.00" Debe="0.00" Haber="0.00" SaldoFin="0.00" /><BCE:Ctas NumCta="603020030000" SaldoIni="0.00" Debe="0.00" Haber="0.00" SaldoFin="0.00" /><BCE:Ctas NumCta="603020031000" SaldoIni="0.00" Debe="0.00" Haber="0.00" SaldoFin="0.00" /><BCE:Ctas NumCta="603020032000" SaldoIni="0.00" Debe="0.00" Haber="0.00" SaldoFin="0.00" /><BCE:Ctas NumCta="603020032002" SaldoIni="0.00" Debe="0.00" Haber="0.00" SaldoFin="0.00" /><BCE:Ctas NumCta="603020034000" SaldoIni="0.00" Debe="0.00" Haber="0.00" SaldoFin="0.00" /><BCE:Ctas NumCta="603020034001" SaldoIni="0.00" Debe="0.00" Haber="0.00" SaldoFin="0.00" /><BCE:Ctas NumCta="603020034002" SaldoIni="0.00" Debe="0.00" Haber="0.00" SaldoFin="0.00" /><BCE:Ctas NumCta="603020034003" SaldoIni="0.00" Debe="0.00" Haber="0.00" SaldoFin="0.00" /><BCE:Ctas NumCta="603020038000" SaldoIni="0.00" Debe="0.00" Haber="0.00" SaldoFin="0.00" /><BCE:Ctas NumCta="603020042000" SaldoIni="0.00" Debe="0.00" Haber="0.00" SaldoFin="0.00" /><BCE:Ctas NumCta="603020043000" SaldoIni="0.00" Debe="0.00" Haber="0.00" SaldoFin="0.00" /><BCE:Ctas NumCta="603020044000" SaldoIni="0.00" Debe="0.00" Haber="0.00" SaldoFin="0.00" /><BCE:Ctas NumCta="603020045000" SaldoIni="0.00" Debe="0.00" Haber="0.00" SaldoFin="0.00" /><BCE:Ctas NumCta="603020045002" SaldoIni="0.00" Debe="0.00" Haber="0.00" SaldoFin="0.00" /><BCE:Ctas NumCta="603020045003" SaldoIni="0.00" Debe="0.00" Haber="0.00" SaldoFin="0.00" /><BCE:Ctas NumCta="603020046000" SaldoIni="0.00" Debe="0.00" Haber="0.00" SaldoFin="0.00" /><BCE:Ctas NumCta="603020048000" SaldoIni="0.00" Debe="0.00" Haber="0.00" SaldoFin="0.00" /><BCE:Ctas NumCta="603020048009" SaldoIni="0.00" Debe="0.00" Haber="0.00" SaldoFin="0.00" /><BCE:Ctas NumCta="603020048019" SaldoIni="0.00" Debe="0.00" Haber="0.00" SaldoFin="0.00" /><BCE:Ctas NumCta="603020048070" SaldoIni="0.00" Debe="0.00" Haber="0.00" SaldoFin="0.00" /><BCE:Ctas NumCta="603020048084" SaldoIni="0.00" Debe="0.00" Haber="0.00" SaldoFin="0.00" /><BCE:Ctas NumCta="603020048096" SaldoIni="0.00" Debe="0.00" Haber="0.00" SaldoFin="0.00" /><BCE:Ctas NumCta="603020048113" SaldoIni="0.00" Debe="0.00" Haber="0.00" SaldoFin="0.00" /><BCE:Ctas NumCta="603020048501" SaldoIni="0.00" Debe="0.00" Haber="0.00" SaldoFin="0.00" /><BCE:Ctas NumCta="603020049000" SaldoIni="0.00" Debe="0.00" Haber="0.00" SaldoFin="0.00" /><BCE:Ctas NumCta="603020049002" SaldoIni="0.00" Debe="0.00" Haber="0.00" SaldoFin="0.00" /><BCE:Ctas NumCta="603020049003" SaldoIni="0.00" Debe="0.00" Haber="0.00" SaldoFin="0.00" /><BCE:Ctas NumCta="603020049004" SaldoIni="0.00" Debe="0.00" Haber="0.00" SaldoFin="0.00" /><BCE:Ctas NumCta="603020049005" SaldoIni="0.00" Debe="0.00" Haber="0.00" SaldoFin="0.00" /><BCE:Ctas NumCta="603020049006" SaldoIni="0.00" Debe="0.00" Haber="0.00" SaldoFin="0.00" /><BCE:Ctas NumCta="603020049007" SaldoIni="0.00" Debe="0.00" Haber="0.00" SaldoFin="0.00" /><BCE:Ctas NumCta="603020049008" SaldoIni="0.00" Debe="0.00" Haber="0.00" SaldoFin="0.00" /><BCE:Ctas NumCta="603020049009" SaldoIni="0.00" Debe="0.00" Haber="0.00" SaldoFin="0.00" /><BCE:Ctas NumCta="603020049010" SaldoIni="0.00" Debe="0.00" Haber="0.00" SaldoFin="0.00" /><BCE:Ctas NumCta="603020049011" SaldoIni="0.00" Debe="0.00" Haber="0.00" SaldoFin="0.00" /><BCE:Ctas NumCta="603020049012" SaldoIni="0.00" Debe="0.00" Haber="0.00" SaldoFin="0.00" /><BCE:Ctas NumCta="603020049013" SaldoIni="0.00" Debe="0.00" Haber="0.00" SaldoFin="0.00" /><BCE:Ctas NumCta="603020050000" SaldoIni="0.00" Debe="0.00" Haber="0.00" SaldoFin="0.00" /><BCE:Ctas NumCta="603020050001" SaldoIni="0.00" Debe="0.00" Haber="0.00" SaldoFin="0.00" /><BCE:Ctas NumCta="603020050002" SaldoIni="0.00" Debe="0.00" Haber="0.00" SaldoFin="0.00" /><BCE:Ctas NumCta="603020050003" SaldoIni="0.00" Debe="0.00" Haber="0.00" SaldoFin="0.00" /><BCE:Ctas NumCta="603020051000" SaldoIni="0.00" Debe="0.00" Haber="0.00" SaldoFin="0.00" /><BCE:Ctas NumCta="603020051001" SaldoIni="0.00" Debe="0.00" Haber="0.00" SaldoFin="0.00" /><BCE:Ctas NumCta="603020051002" SaldoIni="0.00" Debe="0.00" Haber="0.00" SaldoFin="0.00" /><BCE:Ctas NumCta="603020051003" SaldoIni="0.00" Debe="0.00" Haber="0.00" SaldoFin="0.00" /><BCE:Ctas NumCta="603020051004" SaldoIni="0.00" Debe="0.00" Haber="0.00" SaldoFin="0.00" /><BCE:Ctas NumCta="603020051005" SaldoIni="0.00" Debe="0.00" Haber="0.00" SaldoFin="0.00" /><BCE:Ctas NumCta="603020051006" SaldoIni="0.00" Debe="0.00" Haber="0.00" SaldoFin="0.00" /><BCE:Ctas NumCta="603020052000" SaldoIni="0.00" Debe="0.00" Haber="0.00" SaldoFin="0.00" /><BCE:Ctas NumCta="603020052001" SaldoIni="0.00" Debe="0.00" Haber="0.00" SaldoFin="0.00" /><BCE:Ctas NumCta="603020053000" SaldoIni="0.00" Debe="0.00" Haber="0.00" SaldoFin="0.00" /><BCE:Ctas NumCta="603020053001" SaldoIni="0.00" Debe="0.00" Haber="0.00" SaldoFin="0.00" /><BCE:Ctas NumCta="603020053002" SaldoIni="0.00" Debe="0.00" Haber="0.00" SaldoFin="0.00" /><BCE:Ctas NumCta="603020053003" SaldoIni="0.00" Debe="0.00" Haber="0.00" SaldoFin="0.00" /><BCE:Ctas NumCta="603020053004" SaldoIni="0.00" Debe="0.00" Haber="0.00" SaldoFin="0.00" /><BCE:Ctas NumCta="603020053005" SaldoIni="0.00" Debe="0.00" Haber="0.00" SaldoFin="0.00" /><BCE:Ctas NumCta="603020053006" SaldoIni="0.00" Debe="0.00" Haber="0.00" SaldoFin="0.00" /><BCE:Ctas NumCta="603020053007" SaldoIni="0.00" Debe="0.00" Haber="0.00" SaldoFin="0.00" /><BCE:Ctas NumCta="603020053009" SaldoIni="0.00" Debe="0.00" Haber="0.00" SaldoFin="0.00" /><BCE:Ctas NumCta="603020054000" SaldoIni="0.00" Debe="0.00" Haber="0.00" SaldoFin="0.00" /><BCE:Ctas NumCta="603020054001" SaldoIni="0.00" Debe="0.00" Haber="0.00" SaldoFin="0.00" /><BCE:Ctas NumCta="603020054002" SaldoIni="0.00" Debe="0.00" Haber="0.00" SaldoFin="0.00" /><BCE:Ctas NumCta="603020054003" SaldoIni="0.00" Debe="0.00" Haber="0.00" SaldoFin="0.00" /><BCE:Ctas NumCta="603020054004" SaldoIni="0.00" Debe="0.00" Haber="0.00" SaldoFin="0.00" /><BCE:Ctas NumCta="603020054005" SaldoIni="0.00" Debe="0.00" Haber="0.00" SaldoFin="0.00" /><BCE:Ctas NumCta="603020055000" SaldoIni="0.00" Debe="0.00" Haber="0.00" SaldoFin="0.00" /><BCE:Ctas NumCta="603020055001" SaldoIni="0.00" Debe="0.00" Haber="0.00" SaldoFin="0.00" /><BCE:Ctas NumCta="603020055002" SaldoIni="0.00" Debe="0.00" Haber="0.00" SaldoFin="0.00" /><BCE:Ctas NumCta="603020055003" SaldoIni="0.00" Debe="0.00" Haber="0.00" SaldoFin="0.00" /><BCE:Ctas NumCta="603020055004" SaldoIni="0.00" Debe="0.00" Haber="0.00" SaldoFin="0.00" /><BCE:Ctas NumCta="603020055005" SaldoIni="0.00" Debe="0.00" Haber="0.00" SaldoFin="0.00" /><BCE:Ctas NumCta="603020055006" SaldoIni="0.00" Debe="0.00" Haber="0.00" SaldoFin="0.00" /><BCE:Ctas NumCta="603020055007" SaldoIni="0.00" Debe="0.00" Haber="0.00" SaldoFin="0.00" /><BCE:Ctas NumCta="603020055008" SaldoIni="0.00" Debe="0.00" Haber="0.00" SaldoFin="0.00" /><BCE:Ctas NumCta="603020055009" SaldoIni="0.00" Debe="0.00" Haber="0.00" SaldoFin="0.00" /><BCE:Ctas NumCta="603020055010" SaldoIni="0.00" Debe="0.00" Haber="0.00" SaldoFin="0.00" /><BCE:Ctas NumCta="603020055011" SaldoIni="0.00" Debe="0.00" Haber="0.00" SaldoFin="0.00" /><BCE:Ctas NumCta="603020055012" SaldoIni="0.00" Debe="0.00" Haber="0.00" SaldoFin="0.00" /><BCE:Ctas NumCta="603020056000" SaldoIni="0.00" Debe="0.00" Haber="0.00" SaldoFin="0.00" /><BCE:Ctas NumCta="603020056001" SaldoIni="0.00" Debe="0.00" Haber="0.00" SaldoFin="0.00" /><BCE:Ctas NumCta="603020056002" SaldoIni="0.00" Debe="0.00" Haber="0.00" SaldoFin="0.00" /><BCE:Ctas NumCta="603020056003" SaldoIni="0.00" Debe="0.00" Haber="0.00" SaldoFin="0.00" /><BCE:Ctas NumCta="603020056004" SaldoIni="0.00" Debe="0.00" Haber="0.00" SaldoFin="0.00" /><BCE:Ctas NumCta="603020056005" SaldoIni="0.00" Debe="0.00" Haber="0.00" SaldoFin="0.00" /><BCE:Ctas NumCta="603020056006" SaldoIni="0.00" Debe="0.00" Haber="0.00" SaldoFin="0.00" /><BCE:Ctas NumCta="603020056007" SaldoIni="0.00" Debe="0.00" Haber="0.00" SaldoFin="0.00" /><BCE:Ctas NumCta="603020056008" SaldoIni="0.00" Debe="0.00" Haber="0.00" SaldoFin="0.00" /><BCE:Ctas NumCta="603020056009" SaldoIni="0.00" Debe="0.00" Haber="0.00" SaldoFin="0.00" /><BCE:Ctas NumCta="603020056010" SaldoIni="0.00" Debe="0.00" Haber="0.00" SaldoFin="0.00" /><BCE:Ctas NumCta="603020056011" SaldoIni="0.00" Debe="0.00" Haber="0.00" SaldoFin="0.00" /><BCE:Ctas NumCta="603020056012" SaldoIni="0.00" Debe="0.00" Haber="0.00" SaldoFin="0.00" /><BCE:Ctas NumCta="603020056013" SaldoIni="0.00" Debe="0.00" Haber="0.00" SaldoFin="0.00" /><BCE:Ctas NumCta="603020056014" SaldoIni="0.00" Debe="0.00" Haber="0.00" SaldoFin="0.00" /><BCE:Ctas NumCta="603020057000" SaldoIni="0.00" Debe="0.00" Haber="0.00" SaldoFin="0.00" /><BCE:Ctas NumCta="603020057096" SaldoIni="0.00" Debe="0.00" Haber="0.00" SaldoFin="0.00" /><BCE:Ctas NumCta="603020058000" SaldoIni="0.00" Debe="0.00" Haber="0.00" SaldoFin="0.00" /><BCE:Ctas NumCta="603020058096" SaldoIni="0.00" Debe="0.00" Haber="0.00" SaldoFin="0.00" /><BCE:Ctas NumCta="603020058100" SaldoIni="0.00" Debe="0.00" Haber="0.00" SaldoFin="0.00" /><BCE:Ctas NumCta="603020058200" SaldoIni="0.00" Debe="0.00" Haber="0.00" SaldoFin="0.00" /><BCE:Ctas NumCta="603020059000" SaldoIni="0.00" Debe="0.00" Haber="0.00" SaldoFin="0.00" /><BCE:Ctas NumCta="603020060000" SaldoIni="0.00" Debe="0.00" Haber="0.00" SaldoFin="0.00" /><BCE:Ctas NumCta="603020060001" SaldoIni="0.00" Debe="0.00" Haber="0.00" SaldoFin="0.00" /><BCE:Ctas NumCta="603020060002" SaldoIni="0.00" Debe="0.00" Haber="0.00" SaldoFin="0.00" /><BCE:Ctas NumCta="603020060003" SaldoIni="0.00" Debe="0.00" Haber="0.00" SaldoFin="0.00" /><BCE:Ctas NumCta="603020060004" SaldoIni="0.00" Debe="0.00" Haber="0.00" SaldoFin="0.00" /><BCE:Ctas NumCta="603020061000" SaldoIni="0.00" Debe="0.00" Haber="0.00" SaldoFin="0.00" /><BCE:Ctas NumCta="603020061001" SaldoIni="0.00" Debe="0.00" Haber="0.00" SaldoFin="0.00" /><BCE:Ctas NumCta="603020061002" SaldoIni="0.00" Debe="0.00" Haber="0.00" SaldoFin="0.00" /><BCE:Ctas NumCta="603020061003" SaldoIni="0.00" Debe="0.00" Haber="0.00" SaldoFin="0.00" /><BCE:Ctas NumCta="603020061004" SaldoIni="0.00" Debe="0.00" Haber="0.00" SaldoFin="0.00" /><BCE:Ctas NumCta="603020061005" SaldoIni="0.00" Debe="0.00" Haber="0.00" SaldoFin="0.00" /><BCE:Ctas NumCta="603020062000" SaldoIni="0.00" Debe="0.00" Haber="0.00" SaldoFin="0.00" /><BCE:Ctas NumCta="603020062002" SaldoIni="0.00" Debe="0.00" Haber="0.00" SaldoFin="0.00" /><BCE:Ctas NumCta="603020062003" SaldoIni="0.00" Debe="0.00" Haber="0.00" SaldoFin="0.00" /><BCE:Ctas NumCta="603020062004" SaldoIni="0.00" Debe="0.00" Haber="0.00" SaldoFin="0.00" /><BCE:Ctas NumCta="603020062005" SaldoIni="0.00" Debe="0.00" Haber="0.00" SaldoFin="0.00" /><BCE:Ctas NumCta="603020063000" SaldoIni="0.00" Debe="0.00" Haber="0.00" SaldoFin="0.00" /><BCE:Ctas NumCta="603020064000" SaldoIni="0.00" Debe="0.00" Haber="0.00" SaldoFin="0.00" /><BCE:Ctas NumCta="603020064001" SaldoIni="0.00" Debe="0.00" Haber="0.00" SaldoFin="0.00" /><BCE:Ctas NumCta="603020064002" SaldoIni="0.00" Debe="0.00" Haber="0.00" SaldoFin="0.00" /><BCE:Ctas NumCta="603020064003" SaldoIni="0.00" Debe="0.00" Haber="0.00" SaldoFin="0.00" /><BCE:Ctas NumCta="603020064004" SaldoIni="0.00" Debe="0.00" Haber="0.00" SaldoFin="0.00" /><BCE:Ctas NumCta="603020072000" SaldoIni="0.00" Debe="0.00" Haber="0.00" SaldoFin="0.00" /><BCE:Ctas NumCta="603020072001" SaldoIni="0.00" Debe="0.00" Haber="0.00" SaldoFin="0.00" /><BCE:Ctas NumCta="603020073000" SaldoIni="0.00" Debe="0.00" Haber="0.00" SaldoFin="0.00" /><BCE:Ctas NumCta="603020074000" SaldoIni="0.00" Debe="0.00" Haber="0.00" SaldoFin="0.00" /><BCE:Ctas NumCta="603020075000" SaldoIni="0.00" Debe="0.00" Haber="0.00" SaldoFin="0.00" /><BCE:Ctas NumCta="603020075002" SaldoIni="0.00" Debe="0.00" Haber="0.00" SaldoFin="0.00" /><BCE:Ctas NumCta="603020075004" SaldoIni="0.00" Debe="0.00" Haber="0.00" SaldoFin="0.00" /><BCE:Ctas NumCta="603020075005" SaldoIni="0.00" Debe="0.00" Haber="0.00" SaldoFin="0.00" /><BCE:Ctas NumCta="603020075006" SaldoIni="0.00" Debe="0.00" Haber="0.00" SaldoFin="0.00" /><BCE:Ctas NumCta="603020076000" SaldoIni="0.00" Debe="0.00" Haber="0.00" SaldoFin="0.00" /><BCE:Ctas NumCta="603020078000" SaldoIni="0.00" Debe="0.00" Haber="0.00" SaldoFin="0.00" /><BCE:Ctas NumCta="603020079000" SaldoIni="0.00" Debe="0.00" Haber="0.00" SaldoFin="0.00" /><BCE:Ctas NumCta="603020081000" SaldoIni="0.00" Debe="0.00" Haber="0.00" SaldoFin="0.00" /><BCE:Ctas NumCta="603020081002" SaldoIni="0.00" Debe="0.00" Haber="0.00" SaldoFin="0.00" /><BCE:Ctas NumCta="603020082000" SaldoIni="0.00" Debe="0.00" Haber="0.00" SaldoFin="0.00" /><BCE:Ctas NumCta="603020083000" SaldoIni="0.00" Debe="0.00" Haber="0.00" SaldoFin="0.00" /><BCE:Ctas NumCta="603020083049" SaldoIni="0.00" Debe="0.00" Haber="0.00" SaldoFin="0.00" /><BCE:Ctas NumCta="603020083096" SaldoIni="0.00" Debe="0.00" Haber="0.00" SaldoFin="0.00" /><BCE:Ctas NumCta="603020084000" SaldoIni="0.00" Debe="0.00" Haber="0.00" SaldoFin="0.00" /><BCE:Ctas NumCta="603020084001" SaldoIni="0.00" Debe="0.00" Haber="0.00" SaldoFin="0.00" /><BCE:Ctas NumCta="603020084002" SaldoIni="0.00" Debe="0.00" Haber="0.00" SaldoFin="0.00" /><BCE:Ctas NumCta="603020084003" SaldoIni="0.00" Debe="0.00" Haber="0.00" SaldoFin="0.00" /><BCE:Ctas NumCta="603020085000" SaldoIni="0.00" Debe="0.00" Haber="0.00" SaldoFin="0.00" /><BCE:Ctas NumCta="603020086000" SaldoIni="0.00" Debe="0.00" Haber="0.00" SaldoFin="0.00" /><BCE:Ctas NumCta="603020087000" SaldoIni="0.00" Debe="0.00" Haber="0.00" SaldoFin="0.00" /><BCE:Ctas NumCta="603020087001" SaldoIni="0.00" Debe="0.00" Haber="0.00" SaldoFin="0.00" /><BCE:Ctas NumCta="603020088000" SaldoIni="0.00" Debe="0.00" Haber="0.00" SaldoFin="0.00" /><BCE:Ctas NumCta="603020089000" SaldoIni="0.00" Debe="0.00" Haber="0.00" SaldoFin="0.00" /><BCE:Ctas NumCta="603020089001" SaldoIni="0.00" Debe="0.00" Haber="0.00" SaldoFin="0.00" /><BCE:Ctas NumCta="603020090000" SaldoIni="0.00" Debe="0.00" Haber="0.00" SaldoFin="0.00" /><BCE:Ctas NumCta="603020090100" SaldoIni="0.00" Debe="0.00" Haber="0.00" SaldoFin="0.00" /><BCE:Ctas NumCta="603020090101" SaldoIni="0.00" Debe="0.00" Haber="0.00" SaldoFin="0.00" /><BCE:Ctas NumCta="603020090200" SaldoIni="0.00" Debe="0.00" Haber="0.00" SaldoFin="0.00" /><BCE:Ctas NumCta="603020090300" SaldoIni="0.00" Debe="0.00" Haber="0.00" SaldoFin="0.00" /><BCE:Ctas NumCta="603020090301" SaldoIni="0.00" Debe="0.00" Haber="0.00" SaldoFin="0.00" /><BCE:Ctas NumCta="603020090302" SaldoIni="0.00" Debe="0.00" Haber="0.00" SaldoFin="0.00" /><BCE:Ctas NumCta="603020090303" SaldoIni="0.00" Debe="0.00" Haber="0.00" SaldoFin="0.00" /><BCE:Ctas NumCta="603020090304" SaldoIni="0.00" Debe="0.00" Haber="0.00" SaldoFin="0.00" /><BCE:Ctas NumCta="603020090305" SaldoIni="0.00" Debe="0.00" Haber="0.00" SaldoFin="0.00" /><BCE:Ctas NumCta="603020090306" SaldoIni="0.00" Debe="0.00" Haber="0.00" SaldoFin="0.00" /><BCE:Ctas NumCta="603020090307" SaldoIni="0.00" Debe="0.00" Haber="0.00" SaldoFin="0.00" /><BCE:Ctas NumCta="603020090308" SaldoIni="0.00" Debe="0.00" Haber="0.00" SaldoFin="0.00" /><BCE:Ctas NumCta="603020090309" SaldoIni="0.00" Debe="0.00" Haber="0.00" SaldoFin="0.00" /><BCE:Ctas NumCta="603020090310" SaldoIni="0.00" Debe="0.00" Haber="0.00" SaldoFin="0.00" /><BCE:Ctas NumCta="603020090311" SaldoIni="0.00" Debe="0.00" Haber="0.00" SaldoFin="0.00" /><BCE:Ctas NumCta="603020090312" SaldoIni="0.00" Debe="0.00" Haber="0.00" SaldoFin="0.00" /><BCE:Ctas NumCta="603020090313" SaldoIni="0.00" Debe="0.00" Haber="0.00" SaldoFin="0.00" /><BCE:Ctas NumCta="603020090314" SaldoIni="0.00" Debe="0.00" Haber="0.00" SaldoFin="0.00" /><BCE:Ctas NumCta="603020090315" SaldoIni="0.00" Debe="0.00" Haber="0.00" SaldoFin="0.00" /><BCE:Ctas NumCta="603020095000" SaldoIni="0.00" Debe="0.00" Haber="0.00" SaldoFin="0.00" /><BCE:Ctas NumCta="603030000000" SaldoIni="0.00" Debe="0.00" Haber="0.00" SaldoFin="0.00" /><BCE:Ctas NumCta="603030001000" SaldoIni="0.00" Debe="0.00" Haber="0.00" SaldoFin="0.00" /><BCE:Ctas NumCta="603030002000" SaldoIni="0.00" Debe="0.00" Haber="0.00" SaldoFin="0.00" /><BCE:Ctas NumCta="603030003000" SaldoIni="0.00" Debe="0.00" Haber="0.00" SaldoFin="0.00" /><BCE:Ctas NumCta="603030004000" SaldoIni="0.00" Debe="0.00" Haber="0.00" SaldoFin="0.00" /><BCE:Ctas NumCta="603030005000" SaldoIni="0.00" Debe="0.00" Haber="0.00" SaldoFin="0.00" /><BCE:Ctas NumCta="603030006000" SaldoIni="0.00" Debe="0.00" Haber="0.00" SaldoFin="0.00" /><BCE:Ctas NumCta="603030007000" SaldoIni="0.00" Debe="0.00" Haber="0.00" SaldoFin="0.00" /><BCE:Ctas NumCta="603030008000" SaldoIni="0.00" Debe="0.00" Haber="0.00" SaldoFin="0.00" /><BCE:Ctas NumCta="603030009000" SaldoIni="0.00" Debe="0.00" Haber="0.00" SaldoFin="0.00" /><BCE:Ctas NumCta="603030010000" SaldoIni="0.00" Debe="0.00" Haber="0.00" SaldoFin="0.00" /><BCE:Ctas NumCta="603030011000" SaldoIni="0.00" Debe="0.00" Haber="0.00" SaldoFin="0.00" /><BCE:Ctas NumCta="603030012000" SaldoIni="0.00" Debe="0.00" Haber="0.00" SaldoFin="0.00" /><BCE:Ctas NumCta="603030013000" SaldoIni="0.00" Debe="0.00" Haber="0.00" SaldoFin="0.00" /><BCE:Ctas NumCta="603030014000" SaldoIni="0.00" Debe="0.00" Haber="0.00" SaldoFin="0.00" /><BCE:Ctas NumCta="603030015000" SaldoIni="0.00" Debe="0.00" Haber="0.00" SaldoFin="0.00" /><BCE:Ctas NumCta="603030016000" SaldoIni="0.00" Debe="0.00" Haber="0.00" SaldoFin="0.00" /><BCE:Ctas NumCta="603030017000" SaldoIni="0.00" Debe="0.00" Haber="0.00" SaldoFin="0.00" /><BCE:Ctas NumCta="603030017004" SaldoIni="0.00" Debe="0.00" Haber="0.00" SaldoFin="0.00" /><BCE:Ctas NumCta="603030018000" SaldoIni="0.00" Debe="0.00" Haber="0.00" SaldoFin="0.00" /><BCE:Ctas NumCta="603030019000" SaldoIni="0.00" Debe="0.00" Haber="0.00" SaldoFin="0.00" /><BCE:Ctas NumCta="603030020000" SaldoIni="0.00" Debe="0.00" Haber="0.00" SaldoFin="0.00" /><BCE:Ctas NumCta="603030021000" SaldoIni="0.00" Debe="0.00" Haber="0.00" SaldoFin="0.00" /><BCE:Ctas NumCta="603030022000" SaldoIni="0.00" Debe="0.00" Haber="0.00" SaldoFin="0.00" /><BCE:Ctas NumCta="603030022002" SaldoIni="0.00" Debe="0.00" Haber="0.00" SaldoFin="0.00" /><BCE:Ctas NumCta="603030023000" SaldoIni="0.00" Debe="0.00" Haber="0.00" SaldoFin="0.00" /><BCE:Ctas NumCta="603030025000" SaldoIni="0.00" Debe="0.00" Haber="0.00" SaldoFin="0.00" /><BCE:Ctas NumCta="603030026000" SaldoIni="0.00" Debe="0.00" Haber="0.00" SaldoFin="0.00" /><BCE:Ctas NumCta="603030027000" SaldoIni="0.00" Debe="0.00" Haber="0.00" SaldoFin="0.00" /><BCE:Ctas NumCta="603030028000" SaldoIni="0.00" Debe="0.00" Haber="0.00" SaldoFin="0.00" /><BCE:Ctas NumCta="603030029000" SaldoIni="0.00" Debe="0.00" Haber="0.00" SaldoFin="0.00" /><BCE:Ctas NumCta="603030030000" SaldoIni="0.00" Debe="0.00" Haber="0.00" SaldoFin="0.00" /><BCE:Ctas NumCta="603030031000" SaldoIni="0.00" Debe="0.00" Haber="0.00" SaldoFin="0.00" /><BCE:Ctas NumCta="603030032000" SaldoIni="0.00" Debe="0.00" Haber="0.00" SaldoFin="0.00" /><BCE:Ctas NumCta="603030032002" SaldoIni="0.00" Debe="0.00" Haber="0.00" SaldoFin="0.00" /><BCE:Ctas NumCta="603030034000" SaldoIni="0.00" Debe="0.00" Haber="0.00" SaldoFin="0.00" /><BCE:Ctas NumCta="603030034001" SaldoIni="0.00" Debe="0.00" Haber="0.00" SaldoFin="0.00" /><BCE:Ctas NumCta="603030034002" SaldoIni="0.00" Debe="0.00" Haber="0.00" SaldoFin="0.00" /><BCE:Ctas NumCta="603030038000" SaldoIni="0.00" Debe="0.00" Haber="0.00" SaldoFin="0.00" /><BCE:Ctas NumCta="603030042000" SaldoIni="0.00" Debe="0.00" Haber="0.00" SaldoFin="0.00" /><BCE:Ctas NumCta="603030043000" SaldoIni="0.00" Debe="0.00" Haber="0.00" SaldoFin="0.00" /><BCE:Ctas NumCta="603030044000" SaldoIni="0.00" Debe="0.00" Haber="0.00" SaldoFin="0.00" /><BCE:Ctas NumCta="603030045000" SaldoIni="0.00" Debe="0.00" Haber="0.00" SaldoFin="0.00" /><BCE:Ctas NumCta="603030045001" SaldoIni="0.00" Debe="0.00" Haber="0.00" SaldoFin="0.00" /><BCE:Ctas NumCta="603030046000" SaldoIni="0.00" Debe="0.00" Haber="0.00" SaldoFin="0.00" /><BCE:Ctas NumCta="603030048000" SaldoIni="0.00" Debe="0.00" Haber="0.00" SaldoFin="0.00" /><BCE:Ctas NumCta="603030048007" SaldoIni="0.00" Debe="0.00" Haber="0.00" SaldoFin="0.00" /><BCE:Ctas NumCta="603030048091" SaldoIni="0.00" Debe="0.00" Haber="0.00" SaldoFin="0.00" /><BCE:Ctas NumCta="603030048092" SaldoIni="0.00" Debe="0.00" Haber="0.00" SaldoFin="0.00" /><BCE:Ctas NumCta="603030048097" SaldoIni="0.00" Debe="0.00" Haber="0.00" SaldoFin="0.00" /><BCE:Ctas NumCta="603030048100" SaldoIni="0.00" Debe="0.00" Haber="0.00" SaldoFin="0.00" /><BCE:Ctas NumCta="603030049000" SaldoIni="0.00" Debe="0.00" Haber="0.00" SaldoFin="0.00" /><BCE:Ctas NumCta="603030049001" SaldoIni="0.00" Debe="0.00" Haber="0.00" SaldoFin="0.00" /><BCE:Ctas NumCta="603030049002" SaldoIni="0.00" Debe="0.00" Haber="0.00" SaldoFin="0.00" /><BCE:Ctas NumCta="603030049003" SaldoIni="0.00" Debe="0.00" Haber="0.00" SaldoFin="0.00" /><BCE:Ctas NumCta="603030049004" SaldoIni="0.00" Debe="0.00" Haber="0.00" SaldoFin="0.00" /><BCE:Ctas NumCta="603030049005" SaldoIni="0.00" Debe="0.00" Haber="0.00" SaldoFin="0.00" /><BCE:Ctas NumCta="603030050000" SaldoIni="0.00" Debe="0.00" Haber="0.00" SaldoFin="0.00" /><BCE:Ctas NumCta="603030050001" SaldoIni="0.00" Debe="0.00" Haber="0.00" SaldoFin="0.00" /><BCE:Ctas NumCta="603030050002" SaldoIni="0.00" Debe="0.00" Haber="0.00" SaldoFin="0.00" /><BCE:Ctas NumCta="603030050003" SaldoIni="0.00" Debe="0.00" Haber="0.00" SaldoFin="0.00" /><BCE:Ctas NumCta="603030051000" SaldoIni="0.00" Debe="0.00" Haber="0.00" SaldoFin="0.00" /><BCE:Ctas NumCta="603030051001" SaldoIni="0.00" Debe="0.00" Haber="0.00" SaldoFin="0.00" /><BCE:Ctas NumCta="603030051002" SaldoIni="0.00" Debe="0.00" Haber="0.00" SaldoFin="0.00" /><BCE:Ctas NumCta="603030051003" SaldoIni="0.00" Debe="0.00" Haber="0.00" SaldoFin="0.00" /><BCE:Ctas NumCta="603030051004" SaldoIni="0.00" Debe="0.00" Haber="0.00" SaldoFin="0.00" /><BCE:Ctas NumCta="603030052000" SaldoIni="0.00" Debe="0.00" Haber="0.00" SaldoFin="0.00" /><BCE:Ctas NumCta="603030052001" SaldoIni="0.00" Debe="0.00" Haber="0.00" SaldoFin="0.00" /><BCE:Ctas NumCta="603030053000" SaldoIni="0.00" Debe="0.00" Haber="0.00" SaldoFin="0.00" /><BCE:Ctas NumCta="603030053002" SaldoIni="0.00" Debe="0.00" Haber="0.00" SaldoFin="0.00" /><BCE:Ctas NumCta="603030053004" SaldoIni="0.00" Debe="0.00" Haber="0.00" SaldoFin="0.00" /><BCE:Ctas NumCta="603030053902" SaldoIni="0.00" Debe="0.00" Haber="0.00" SaldoFin="0.00" /><BCE:Ctas NumCta="603030053903" SaldoIni="0.00" Debe="0.00" Haber="0.00" SaldoFin="0.00" /><BCE:Ctas NumCta="603030054000" SaldoIni="0.00" Debe="0.00" Haber="0.00" SaldoFin="0.00" /><BCE:Ctas NumCta="603030054001" SaldoIni="0.00" Debe="0.00" Haber="0.00" SaldoFin="0.00" /><BCE:Ctas NumCta="603030054002" SaldoIni="0.00" Debe="0.00" Haber="0.00" SaldoFin="0.00" /><BCE:Ctas NumCta="603030054003" SaldoIni="0.00" Debe="0.00" Haber="0.00" SaldoFin="0.00" /><BCE:Ctas NumCta="603030054004" SaldoIni="0.00" Debe="0.00" Haber="0.00" SaldoFin="0.00" /><BCE:Ctas NumCta="603030054005" SaldoIni="0.00" Debe="0.00" Haber="0.00" SaldoFin="0.00" /><BCE:Ctas NumCta="603030054006" SaldoIni="0.00" Debe="0.00" Haber="0.00" SaldoFin="0.00" /><BCE:Ctas NumCta="603030054007" SaldoIni="0.00" Debe="0.00" Haber="0.00" SaldoFin="0.00" /><BCE:Ctas NumCta="603030055000" SaldoIni="0.00" Debe="0.00" Haber="0.00" SaldoFin="0.00" /><BCE:Ctas NumCta="603030055001" SaldoIni="0.00" Debe="0.00" Haber="0.00" SaldoFin="0.00" /><BCE:Ctas NumCta="603030055002" SaldoIni="0.00" Debe="0.00" Haber="0.00" SaldoFin="0.00" /><BCE:Ctas NumCta="603030055003" SaldoIni="0.00" Debe="0.00" Haber="0.00" SaldoFin="0.00" /><BCE:Ctas NumCta="603030055004" SaldoIni="0.00" Debe="0.00" Haber="0.00" SaldoFin="0.00" /><BCE:Ctas NumCta="603030055005" SaldoIni="0.00" Debe="0.00" Haber="0.00" SaldoFin="0.00" /><BCE:Ctas NumCta="603030055006" SaldoIni="0.00" Debe="0.00" Haber="0.00" SaldoFin="0.00" /><BCE:Ctas NumCta="603030055007" SaldoIni="0.00" Debe="0.00" Haber="0.00" SaldoFin="0.00" /><BCE:Ctas NumCta="603030055008" SaldoIni="0.00" Debe="0.00" Haber="0.00" SaldoFin="0.00" /><BCE:Ctas NumCta="603030055009" SaldoIni="0.00" Debe="0.00" Haber="0.00" SaldoFin="0.00" /><BCE:Ctas NumCta="603030056000" SaldoIni="0.00" Debe="0.00" Haber="0.00" SaldoFin="0.00" /><BCE:Ctas NumCta="603030056001" SaldoIni="0.00" Debe="0.00" Haber="0.00" SaldoFin="0.00" /><BCE:Ctas NumCta="603030056002" SaldoIni="0.00" Debe="0.00" Haber="0.00" SaldoFin="0.00" /><BCE:Ctas NumCta="603030056003" SaldoIni="0.00" Debe="0.00" Haber="0.00" SaldoFin="0.00" /><BCE:Ctas NumCta="603030056004" SaldoIni="0.00" Debe="0.00" Haber="0.00" SaldoFin="0.00" /><BCE:Ctas NumCta="603030056005" SaldoIni="0.00" Debe="0.00" Haber="0.00" SaldoFin="0.00" /><BCE:Ctas NumCta="603030056006" SaldoIni="0.00" Debe="0.00" Haber="0.00" SaldoFin="0.00" /><BCE:Ctas NumCta="603030056007" SaldoIni="0.00" Debe="0.00" Haber="0.00" SaldoFin="0.00" /><BCE:Ctas NumCta="603030056008" SaldoIni="0.00" Debe="0.00" Haber="0.00" SaldoFin="0.00" /><BCE:Ctas NumCta="603030057000" SaldoIni="0.00" Debe="0.00" Haber="0.00" SaldoFin="0.00" /><BCE:Ctas NumCta="603030057097" SaldoIni="0.00" Debe="0.00" Haber="0.00" SaldoFin="0.00" /><BCE:Ctas NumCta="603030058000" SaldoIni="0.00" Debe="0.00" Haber="0.00" SaldoFin="0.00" /><BCE:Ctas NumCta="603030058097" SaldoIni="0.00" Debe="0.00" Haber="0.00" SaldoFin="0.00" /><BCE:Ctas NumCta="603030058100" SaldoIni="0.00" Debe="0.00" Haber="0.00" SaldoFin="0.00" /><BCE:Ctas NumCta="603030058200" SaldoIni="0.00" Debe="0.00" Haber="0.00" SaldoFin="0.00" /><BCE:Ctas NumCta="603030059000" SaldoIni="0.00" Debe="0.00" Haber="0.00" SaldoFin="0.00" /><BCE:Ctas NumCta="603030060000" SaldoIni="0.00" Debe="0.00" Haber="0.00" SaldoFin="0.00" /><BCE:Ctas NumCta="603030060001" SaldoIni="0.00" Debe="0.00" Haber="0.00" SaldoFin="0.00" /><BCE:Ctas NumCta="603030060002" SaldoIni="0.00" Debe="0.00" Haber="0.00" SaldoFin="0.00" /><BCE:Ctas NumCta="603030060003" SaldoIni="0.00" Debe="0.00" Haber="0.00" SaldoFin="0.00" /><BCE:Ctas NumCta="603030060004" SaldoIni="0.00" Debe="0.00" Haber="0.00" SaldoFin="0.00" /><BCE:Ctas NumCta="603030061000" SaldoIni="0.00" Debe="0.00" Haber="0.00" SaldoFin="0.00" /><BCE:Ctas NumCta="603030061001" SaldoIni="0.00" Debe="0.00" Haber="0.00" SaldoFin="0.00" /><BCE:Ctas NumCta="603030061002" SaldoIni="0.00" Debe="0.00" Haber="0.00" SaldoFin="0.00" /><BCE:Ctas NumCta="603030061003" SaldoIni="0.00" Debe="0.00" Haber="0.00" SaldoFin="0.00" /><BCE:Ctas NumCta="603030061004" SaldoIni="0.00" Debe="0.00" Haber="0.00" SaldoFin="0.00" /><BCE:Ctas NumCta="603030062000" SaldoIni="0.00" Debe="0.00" Haber="0.00" SaldoFin="0.00" /><BCE:Ctas NumCta="603030062002" SaldoIni="0.00" Debe="0.00" Haber="0.00" SaldoFin="0.00" /><BCE:Ctas NumCta="603030062005" SaldoIni="0.00" Debe="0.00" Haber="0.00" SaldoFin="0.00" /><BCE:Ctas NumCta="603030063000" SaldoIni="0.00" Debe="0.00" Haber="0.00" SaldoFin="0.00" /><BCE:Ctas NumCta="603030064000" SaldoIni="0.00" Debe="0.00" Haber="0.00" SaldoFin="0.00" /><BCE:Ctas NumCta="603030064001" SaldoIni="0.00" Debe="0.00" Haber="0.00" SaldoFin="0.00" /><BCE:Ctas NumCta="603030064002" SaldoIni="0.00" Debe="0.00" Haber="0.00" SaldoFin="0.00" /><BCE:Ctas NumCta="603030064003" SaldoIni="0.00" Debe="0.00" Haber="0.00" SaldoFin="0.00" /><BCE:Ctas NumCta="603030064004" SaldoIni="0.00" Debe="0.00" Haber="0.00" SaldoFin="0.00" /><BCE:Ctas NumCta="603030072000" SaldoIni="0.00" Debe="0.00" Haber="0.00" SaldoFin="0.00" /><BCE:Ctas NumCta="603030072001" SaldoIni="0.00" Debe="0.00" Haber="0.00" SaldoFin="0.00" /><BCE:Ctas NumCta="603030073000" SaldoIni="0.00" Debe="0.00" Haber="0.00" SaldoFin="0.00" /><BCE:Ctas NumCta="603030074000" SaldoIni="0.00" Debe="0.00" Haber="0.00" SaldoFin="0.00" /><BCE:Ctas NumCta="603030075000" SaldoIni="0.00" Debe="0.00" Haber="0.00" SaldoFin="0.00" /><BCE:Ctas NumCta="603030075001" SaldoIni="0.00" Debe="0.00" Haber="0.00" SaldoFin="0.00" /><BCE:Ctas NumCta="603030075002" SaldoIni="0.00" Debe="0.00" Haber="0.00" SaldoFin="0.00" /><BCE:Ctas NumCta="603030075004" SaldoIni="0.00" Debe="0.00" Haber="0.00" SaldoFin="0.00" /><BCE:Ctas NumCta="603030075005" SaldoIni="0.00" Debe="0.00" Haber="0.00" SaldoFin="0.00" /><BCE:Ctas NumCta="603030076000" SaldoIni="0.00" Debe="0.00" Haber="0.00" SaldoFin="0.00" /><BCE:Ctas NumCta="603030078000" SaldoIni="0.00" Debe="0.00" Haber="0.00" SaldoFin="0.00" /><BCE:Ctas NumCta="603030078001" SaldoIni="0.00" Debe="0.00" Haber="0.00" SaldoFin="0.00" /><BCE:Ctas NumCta="603030079000" SaldoIni="0.00" Debe="0.00" Haber="0.00" SaldoFin="0.00" /><BCE:Ctas NumCta="603030081000" SaldoIni="0.00" Debe="0.00" Haber="0.00" SaldoFin="0.00" /><BCE:Ctas NumCta="603030081002" SaldoIni="0.00" Debe="0.00" Haber="0.00" SaldoFin="0.00" /><BCE:Ctas NumCta="603030082000" SaldoIni="0.00" Debe="0.00" Haber="0.00" SaldoFin="0.00" /><BCE:Ctas NumCta="603030083000" SaldoIni="0.00" Debe="0.00" Haber="0.00" SaldoFin="0.00" /><BCE:Ctas NumCta="603030083097" SaldoIni="0.00" Debe="0.00" Haber="0.00" SaldoFin="0.00" /><BCE:Ctas NumCta="603030084000" SaldoIni="0.00" Debe="0.00" Haber="0.00" SaldoFin="0.00" /><BCE:Ctas NumCta="603030085000" SaldoIni="0.00" Debe="0.00" Haber="0.00" SaldoFin="0.00" /><BCE:Ctas NumCta="603030085002" SaldoIni="0.00" Debe="0.00" Haber="0.00" SaldoFin="0.00" /><BCE:Ctas NumCta="603030085003" SaldoIni="0.00" Debe="0.00" Haber="0.00" SaldoFin="0.00" /><BCE:Ctas NumCta="603030086000" SaldoIni="0.00" Debe="0.00" Haber="0.00" SaldoFin="0.00" /><BCE:Ctas NumCta="603030087000" SaldoIni="0.00" Debe="0.00" Haber="0.00" SaldoFin="0.00" /><BCE:Ctas NumCta="603030087001" SaldoIni="0.00" Debe="0.00" Haber="0.00" SaldoFin="0.00" /><BCE:Ctas NumCta="603030088000" SaldoIni="0.00" Debe="0.00" Haber="0.00" SaldoFin="0.00" /><BCE:Ctas NumCta="603030088001" SaldoIni="0.00" Debe="0.00" Haber="0.00" SaldoFin="0.00" /><BCE:Ctas NumCta="603030088002" SaldoIni="0.00" Debe="0.00" Haber="0.00" SaldoFin="0.00" /><BCE:Ctas NumCta="603030089000" SaldoIni="0.00" Debe="0.00" Haber="0.00" SaldoFin="0.00" /><BCE:Ctas NumCta="603030090000" SaldoIni="0.00" Debe="0.00" Haber="0.00" SaldoFin="0.00" /><BCE:Ctas NumCta="603030090100" SaldoIni="0.00" Debe="0.00" Haber="0.00" SaldoFin="0.00" /><BCE:Ctas NumCta="603030090101" SaldoIni="0.00" Debe="0.00" Haber="0.00" SaldoFin="0.00" /><BCE:Ctas NumCta="603030090200" SaldoIni="0.00" Debe="0.00" Haber="0.00" SaldoFin="0.00" /><BCE:Ctas NumCta="603030090201" SaldoIni="0.00" Debe="0.00" Haber="0.00" SaldoFin="0.00" /><BCE:Ctas NumCta="603030090300" SaldoIni="0.00" Debe="0.00" Haber="0.00" SaldoFin="0.00" /><BCE:Ctas NumCta="603030090301" SaldoIni="0.00" Debe="0.00" Haber="0.00" SaldoFin="0.00" /><BCE:Ctas NumCta="603030090302" SaldoIni="0.00" Debe="0.00" Haber="0.00" SaldoFin="0.00" /><BCE:Ctas NumCta="603030090303" SaldoIni="0.00" Debe="0.00" Haber="0.00" SaldoFin="0.00" /><BCE:Ctas NumCta="603030090304" SaldoIni="0.00" Debe="0.00" Haber="0.00" SaldoFin="0.00" /><BCE:Ctas NumCta="603030090305" SaldoIni="0.00" Debe="0.00" Haber="0.00" SaldoFin="0.00" /><BCE:Ctas NumCta="603030090306" SaldoIni="0.00" Debe="0.00" Haber="0.00" SaldoFin="0.00" /><BCE:Ctas NumCta="603030090307" SaldoIni="0.00" Debe="0.00" Haber="0.00" SaldoFin="0.00" /><BCE:Ctas NumCta="603030090308" SaldoIni="0.00" Debe="0.00" Haber="0.00" SaldoFin="0.00" /><BCE:Ctas NumCta="603030090309" SaldoIni="0.00" Debe="0.00" Haber="0.00" SaldoFin="0.00" /><BCE:Ctas NumCta="603030090310" SaldoIni="0.00" Debe="0.00" Haber="0.00" SaldoFin="0.00" /><BCE:Ctas NumCta="603030090311" SaldoIni="0.00" Debe="0.00" Haber="0.00" SaldoFin="0.00" /><BCE:Ctas NumCta="603030090312" SaldoIni="0.00" Debe="0.00" Haber="0.00" SaldoFin="0.00" /><BCE:Ctas NumCta="603030090313" SaldoIni="0.00" Debe="0.00" Haber="0.00" SaldoFin="0.00" /><BCE:Ctas NumCta="603030090314" SaldoIni="0.00" Debe="0.00" Haber="0.00" SaldoFin="0.00" /><BCE:Ctas NumCta="603030090315" SaldoIni="0.00" Debe="0.00" Haber="0.00" SaldoFin="0.00" /><BCE:Ctas NumCta="603030090316" SaldoIni="0.00" Debe="0.00" Haber="0.00" SaldoFin="0.00" /><BCE:Ctas NumCta="603030090317" SaldoIni="0.00" Debe="0.00" Haber="0.00" SaldoFin="0.00" /><BCE:Ctas NumCta="603030090318" SaldoIni="0.00" Debe="0.00" Haber="0.00" SaldoFin="0.00" /><BCE:Ctas NumCta="603030090319" SaldoIni="0.00" Debe="0.00" Haber="0.00" SaldoFin="0.00" /><BCE:Ctas NumCta="603030094101" SaldoIni="0.00" Debe="0.00" Haber="0.00" SaldoFin="0.00" /><BCE:Ctas NumCta="603030095000" SaldoIni="0.00" Debe="0.00" Haber="0.00" SaldoFin="0.00" /><BCE:Ctas NumCta="603040000000" SaldoIni="0.00" Debe="0.00" Haber="0.00" SaldoFin="0.00" /><BCE:Ctas NumCta="603040001000" SaldoIni="0.00" Debe="0.00" Haber="0.00" SaldoFin="0.00" /><BCE:Ctas NumCta="603040002000" SaldoIni="0.00" Debe="0.00" Haber="0.00" SaldoFin="0.00" /><BCE:Ctas NumCta="603040003000" SaldoIni="0.00" Debe="0.00" Haber="0.00" SaldoFin="0.00" /><BCE:Ctas NumCta="603040004000" SaldoIni="0.00" Debe="0.00" Haber="0.00" SaldoFin="0.00" /><BCE:Ctas NumCta="603040005000" SaldoIni="0.00" Debe="0.00" Haber="0.00" SaldoFin="0.00" /><BCE:Ctas NumCta="603040006000" SaldoIni="0.00" Debe="0.00" Haber="0.00" SaldoFin="0.00" /><BCE:Ctas NumCta="603040007000" SaldoIni="0.00" Debe="0.00" Haber="0.00" SaldoFin="0.00" /><BCE:Ctas NumCta="603040008000" SaldoIni="0.00" Debe="0.00" Haber="0.00" SaldoFin="0.00" /><BCE:Ctas NumCta="603040009000" SaldoIni="0.00" Debe="0.00" Haber="0.00" SaldoFin="0.00" /><BCE:Ctas NumCta="603040010000" SaldoIni="0.00" Debe="0.00" Haber="0.00" SaldoFin="0.00" /><BCE:Ctas NumCta="603040011000" SaldoIni="0.00" Debe="0.00" Haber="0.00" SaldoFin="0.00" /><BCE:Ctas NumCta="603040012000" SaldoIni="0.00" Debe="0.00" Haber="0.00" SaldoFin="0.00" /><BCE:Ctas NumCta="603040013000" SaldoIni="0.00" Debe="0.00" Haber="0.00" SaldoFin="0.00" /><BCE:Ctas NumCta="603040014000" SaldoIni="0.00" Debe="0.00" Haber="0.00" SaldoFin="0.00" /><BCE:Ctas NumCta="603040015000" SaldoIni="0.00" Debe="0.00" Haber="0.00" SaldoFin="0.00" /><BCE:Ctas NumCta="603040016000" SaldoIni="0.00" Debe="0.00" Haber="0.00" SaldoFin="0.00" /><BCE:Ctas NumCta="603040017000" SaldoIni="0.00" Debe="0.00" Haber="0.00" SaldoFin="0.00" /><BCE:Ctas NumCta="603040017001" SaldoIni="0.00" Debe="0.00" Haber="0.00" SaldoFin="0.00" /><BCE:Ctas NumCta="603040017004" SaldoIni="0.00" Debe="0.00" Haber="0.00" SaldoFin="0.00" /><BCE:Ctas NumCta="603040018000" SaldoIni="0.00" Debe="0.00" Haber="0.00" SaldoFin="0.00" /><BCE:Ctas NumCta="603040019000" SaldoIni="0.00" Debe="0.00" Haber="0.00" SaldoFin="0.00" /><BCE:Ctas NumCta="603040020000" SaldoIni="0.00" Debe="0.00" Haber="0.00" SaldoFin="0.00" /><BCE:Ctas NumCta="603040021000" SaldoIni="0.00" Debe="0.00" Haber="0.00" SaldoFin="0.00" /><BCE:Ctas NumCta="603040022000" SaldoIni="0.00" Debe="0.00" Haber="0.00" SaldoFin="0.00" /><BCE:Ctas NumCta="603040023000" SaldoIni="0.00" Debe="0.00" Haber="0.00" SaldoFin="0.00" /><BCE:Ctas NumCta="603040025000" SaldoIni="0.00" Debe="0.00" Haber="0.00" SaldoFin="0.00" /><BCE:Ctas NumCta="603040026000" SaldoIni="0.00" Debe="0.00" Haber="0.00" SaldoFin="0.00" /><BCE:Ctas NumCta="603040027000" SaldoIni="0.00" Debe="0.00" Haber="0.00" SaldoFin="0.00" /><BCE:Ctas NumCta="603040028000" SaldoIni="0.00" Debe="0.00" Haber="0.00" SaldoFin="0.00" /><BCE:Ctas NumCta="603040029000" SaldoIni="0.00" Debe="0.00" Haber="0.00" SaldoFin="0.00" /><BCE:Ctas NumCta="603040030000" SaldoIni="0.00" Debe="0.00" Haber="0.00" SaldoFin="0.00" /><BCE:Ctas NumCta="603040031000" SaldoIni="0.00" Debe="0.00" Haber="0.00" SaldoFin="0.00" /><BCE:Ctas NumCta="603040032000" SaldoIni="0.00" Debe="0.00" Haber="0.00" SaldoFin="0.00" /><BCE:Ctas NumCta="603040032002" SaldoIni="0.00" Debe="0.00" Haber="0.00" SaldoFin="0.00" /><BCE:Ctas NumCta="603040034000" SaldoIni="0.00" Debe="0.00" Haber="0.00" SaldoFin="0.00" /><BCE:Ctas NumCta="603040034001" SaldoIni="0.00" Debe="0.00" Haber="0.00" SaldoFin="0.00" /><BCE:Ctas NumCta="603040034002" SaldoIni="0.00" Debe="0.00" Haber="0.00" SaldoFin="0.00" /><BCE:Ctas NumCta="603040038000" SaldoIni="0.00" Debe="0.00" Haber="0.00" SaldoFin="0.00" /><BCE:Ctas NumCta="603040042000" SaldoIni="0.00" Debe="0.00" Haber="0.00" SaldoFin="0.00" /><BCE:Ctas NumCta="603040043000" SaldoIni="0.00" Debe="0.00" Haber="0.00" SaldoFin="0.00" /><BCE:Ctas NumCta="603040044000" SaldoIni="0.00" Debe="0.00" Haber="0.00" SaldoFin="0.00" /><BCE:Ctas NumCta="603040045000" SaldoIni="0.00" Debe="0.00" Haber="0.00" SaldoFin="0.00" /><BCE:Ctas NumCta="603040046000" SaldoIni="0.00" Debe="0.00" Haber="0.00" SaldoFin="0.00" /><BCE:Ctas NumCta="603040048000" SaldoIni="0.00" Debe="0.00" Haber="0.00" SaldoFin="0.00" /><BCE:Ctas NumCta="603040048024" SaldoIni="0.00" Debe="0.00" Haber="0.00" SaldoFin="0.00" /><BCE:Ctas NumCta="603040048034" SaldoIni="0.00" Debe="0.00" Haber="0.00" SaldoFin="0.00" /><BCE:Ctas NumCta="603040048053" SaldoIni="0.00" Debe="0.00" Haber="0.00" SaldoFin="0.00" /><BCE:Ctas NumCta="603040048057" SaldoIni="0.00" Debe="0.00" Haber="0.00" SaldoFin="0.00" /><BCE:Ctas NumCta="603040048091" SaldoIni="0.00" Debe="0.00" Haber="0.00" SaldoFin="0.00" /><BCE:Ctas NumCta="603040048501" SaldoIni="0.00" Debe="0.00" Haber="0.00" SaldoFin="0.00" /><BCE:Ctas NumCta="603040049000" SaldoIni="0.00" Debe="0.00" Haber="0.00" SaldoFin="0.00" /><BCE:Ctas NumCta="603040049002" SaldoIni="0.00" Debe="0.00" Haber="0.00" SaldoFin="0.00" /><BCE:Ctas NumCta="603040049003" SaldoIni="0.00" Debe="0.00" Haber="0.00" SaldoFin="0.00" /><BCE:Ctas NumCta="603040049004" SaldoIni="0.00" Debe="0.00" Haber="0.00" SaldoFin="0.00" /><BCE:Ctas NumCta="603040049005" SaldoIni="0.00" Debe="0.00" Haber="0.00" SaldoFin="0.00" /><BCE:Ctas NumCta="603040049006" SaldoIni="0.00" Debe="0.00" Haber="0.00" SaldoFin="0.00" /><BCE:Ctas NumCta="603040050000" SaldoIni="0.00" Debe="0.00" Haber="0.00" SaldoFin="0.00" /><BCE:Ctas NumCta="603040050001" SaldoIni="0.00" Debe="0.00" Haber="0.00" SaldoFin="0.00" /><BCE:Ctas NumCta="603040050002" SaldoIni="0.00" Debe="0.00" Haber="0.00" SaldoFin="0.00" /><BCE:Ctas NumCta="603040050003" SaldoIni="0.00" Debe="0.00" Haber="0.00" SaldoFin="0.00" /><BCE:Ctas NumCta="603040051000" SaldoIni="0.00" Debe="0.00" Haber="0.00" SaldoFin="0.00" /><BCE:Ctas NumCta="603040051001" SaldoIni="0.00" Debe="0.00" Haber="0.00" SaldoFin="0.00" /><BCE:Ctas NumCta="603040051002" SaldoIni="0.00" Debe="0.00" Haber="0.00" SaldoFin="0.00" /><BCE:Ctas NumCta="603040051003" SaldoIni="0.00" Debe="0.00" Haber="0.00" SaldoFin="0.00" /><BCE:Ctas NumCta="603040052000" SaldoIni="0.00" Debe="0.00" Haber="0.00" SaldoFin="0.00" /><BCE:Ctas NumCta="603040052001" SaldoIni="0.00" Debe="0.00" Haber="0.00" SaldoFin="0.00" /><BCE:Ctas NumCta="603040053000" SaldoIni="0.00" Debe="0.00" Haber="0.00" SaldoFin="0.00" /><BCE:Ctas NumCta="603040053002" SaldoIni="0.00" Debe="0.00" Haber="0.00" SaldoFin="0.00" /><BCE:Ctas NumCta="603040053003" SaldoIni="0.00" Debe="0.00" Haber="0.00" SaldoFin="0.00" /><BCE:Ctas NumCta="603040053004" SaldoIni="0.00" Debe="0.00" Haber="0.00" SaldoFin="0.00" /><BCE:Ctas NumCta="603040053005" SaldoIni="0.00" Debe="0.00" Haber="0.00" SaldoFin="0.00" /><BCE:Ctas NumCta="603040054000" SaldoIni="0.00" Debe="0.00" Haber="0.00" SaldoFin="0.00" /><BCE:Ctas NumCta="603040054001" SaldoIni="0.00" Debe="0.00" Haber="0.00" SaldoFin="0.00" /><BCE:Ctas NumCta="603040054002" SaldoIni="0.00" Debe="0.00" Haber="0.00" SaldoFin="0.00" /><BCE:Ctas NumCta="603040054003" SaldoIni="0.00" Debe="0.00" Haber="0.00" SaldoFin="0.00" /><BCE:Ctas NumCta="603040055000" SaldoIni="0.00" Debe="0.00" Haber="0.00" SaldoFin="0.00" /><BCE:Ctas NumCta="603040055001" SaldoIni="0.00" Debe="0.00" Haber="0.00" SaldoFin="0.00" /><BCE:Ctas NumCta="603040055002" SaldoIni="0.00" Debe="0.00" Haber="0.00" SaldoFin="0.00" /><BCE:Ctas NumCta="603040055003" SaldoIni="0.00" Debe="0.00" Haber="0.00" SaldoFin="0.00" /><BCE:Ctas NumCta="603040055004" SaldoIni="0.00" Debe="0.00" Haber="0.00" SaldoFin="0.00" /><BCE:Ctas NumCta="603040055005" SaldoIni="0.00" Debe="0.00" Haber="0.00" SaldoFin="0.00" /><BCE:Ctas NumCta="603040055006" SaldoIni="0.00" Debe="0.00" Haber="0.00" SaldoFin="0.00" /><BCE:Ctas NumCta="603040055007" SaldoIni="0.00" Debe="0.00" Haber="0.00" SaldoFin="0.00" /><BCE:Ctas NumCta="603040055008" SaldoIni="0.00" Debe="0.00" Haber="0.00" SaldoFin="0.00" /><BCE:Ctas NumCta="603040055009" SaldoIni="0.00" Debe="0.00" Haber="0.00" SaldoFin="0.00" /><BCE:Ctas NumCta="603040055010" SaldoIni="0.00" Debe="0.00" Haber="0.00" SaldoFin="0.00" /><BCE:Ctas NumCta="603040055011" SaldoIni="0.00" Debe="0.00" Haber="0.00" SaldoFin="0.00" /><BCE:Ctas NumCta="603040055012" SaldoIni="0.00" Debe="0.00" Haber="0.00" SaldoFin="0.00" /><BCE:Ctas NumCta="603040056000" SaldoIni="0.00" Debe="0.00" Haber="0.00" SaldoFin="0.00" /><BCE:Ctas NumCta="603040056001" SaldoIni="0.00" Debe="0.00" Haber="0.00" SaldoFin="0.00" /><BCE:Ctas NumCta="603040056002" SaldoIni="0.00" Debe="0.00" Haber="0.00" SaldoFin="0.00" /><BCE:Ctas NumCta="603040056003" SaldoIni="0.00" Debe="0.00" Haber="0.00" SaldoFin="0.00" /><BCE:Ctas NumCta="603040056004" SaldoIni="0.00" Debe="0.00" Haber="0.00" SaldoFin="0.00" /><BCE:Ctas NumCta="603040056005" SaldoIni="0.00" Debe="0.00" Haber="0.00" SaldoFin="0.00" /><BCE:Ctas NumCta="603040056006" SaldoIni="0.00" Debe="0.00" Haber="0.00" SaldoFin="0.00" /><BCE:Ctas NumCta="603040056007" SaldoIni="0.00" Debe="0.00" Haber="0.00" SaldoFin="0.00" /><BCE:Ctas NumCta="603040056008" SaldoIni="0.00" Debe="0.00" Haber="0.00" SaldoFin="0.00" /><BCE:Ctas NumCta="603040056009" SaldoIni="0.00" Debe="0.00" Haber="0.00" SaldoFin="0.00" /><BCE:Ctas NumCta="603040056010" SaldoIni="0.00" Debe="0.00" Haber="0.00" SaldoFin="0.00" /><BCE:Ctas NumCta="603040056011" SaldoIni="0.00" Debe="0.00" Haber="0.00" SaldoFin="0.00" /><BCE:Ctas NumCta="603040056012" SaldoIni="0.00" Debe="0.00" Haber="0.00" SaldoFin="0.00" /><BCE:Ctas NumCta="603040056013" SaldoIni="0.00" Debe="0.00" Haber="0.00" SaldoFin="0.00" /><BCE:Ctas NumCta="603040056014" SaldoIni="0.00" Debe="0.00" Haber="0.00" SaldoFin="0.00" /><BCE:Ctas NumCta="603040056015" SaldoIni="0.00" Debe="0.00" Haber="0.00" SaldoFin="0.00" /><BCE:Ctas NumCta="603040056016" SaldoIni="0.00" Debe="0.00" Haber="0.00" SaldoFin="0.00" /><BCE:Ctas NumCta="603040057000" SaldoIni="0.00" Debe="0.00" Haber="0.00" SaldoFin="0.00" /><BCE:Ctas NumCta="603040057057" SaldoIni="0.00" Debe="0.00" Haber="0.00" SaldoFin="0.00" /><BCE:Ctas NumCta="603040058000" SaldoIni="0.00" Debe="0.00" Haber="0.00" SaldoFin="0.00" /><BCE:Ctas NumCta="603040058057" SaldoIni="0.00" Debe="0.00" Haber="0.00" SaldoFin="0.00" /><BCE:Ctas NumCta="603040058100" SaldoIni="0.00" Debe="0.00" Haber="0.00" SaldoFin="0.00" /><BCE:Ctas NumCta="603040058200" SaldoIni="0.00" Debe="0.00" Haber="0.00" SaldoFin="0.00" /><BCE:Ctas NumCta="603040059000" SaldoIni="0.00" Debe="0.00" Haber="0.00" SaldoFin="0.00" /><BCE:Ctas NumCta="603040060000" SaldoIni="0.00" Debe="0.00" Haber="0.00" SaldoFin="0.00" /><BCE:Ctas NumCta="603040060001" SaldoIni="0.00" Debe="0.00" Haber="0.00" SaldoFin="0.00" /><BCE:Ctas NumCta="603040060002" SaldoIni="0.00" Debe="0.00" Haber="0.00" SaldoFin="0.00" /><BCE:Ctas NumCta="603040060004" SaldoIni="0.00" Debe="0.00" Haber="0.00" SaldoFin="0.00" /><BCE:Ctas NumCta="603040061000" SaldoIni="0.00" Debe="0.00" Haber="0.00" SaldoFin="0.00" /><BCE:Ctas NumCta="603040061001" SaldoIni="0.00" Debe="0.00" Haber="0.00" SaldoFin="0.00" /><BCE:Ctas NumCta="603040061002" SaldoIni="0.00" Debe="0.00" Haber="0.00" SaldoFin="0.00" /><BCE:Ctas NumCta="603040061003" SaldoIni="0.00" Debe="0.00" Haber="0.00" SaldoFin="0.00" /><BCE:Ctas NumCta="603040062000" SaldoIni="0.00" Debe="0.00" Haber="0.00" SaldoFin="0.00" /><BCE:Ctas NumCta="603040062002" SaldoIni="0.00" Debe="0.00" Haber="0.00" SaldoFin="0.00" /><BCE:Ctas NumCta="603040062005" SaldoIni="0.00" Debe="0.00" Haber="0.00" SaldoFin="0.00" /><BCE:Ctas NumCta="603040063000" SaldoIni="0.00" Debe="0.00" Haber="0.00" SaldoFin="0.00" /><BCE:Ctas NumCta="603040063001" SaldoIni="0.00" Debe="0.00" Haber="0.00" SaldoFin="0.00" /><BCE:Ctas NumCta="603040064000" SaldoIni="0.00" Debe="0.00" Haber="0.00" SaldoFin="0.00" /><BCE:Ctas NumCta="603040064001" SaldoIni="0.00" Debe="0.00" Haber="0.00" SaldoFin="0.00" /><BCE:Ctas NumCta="603040064002" SaldoIni="0.00" Debe="0.00" Haber="0.00" SaldoFin="0.00" /><BCE:Ctas NumCta="603040072000" SaldoIni="0.00" Debe="0.00" Haber="0.00" SaldoFin="0.00" /><BCE:Ctas NumCta="603040072001" SaldoIni="0.00" Debe="0.00" Haber="0.00" SaldoFin="0.00" /><BCE:Ctas NumCta="603040073000" SaldoIni="0.00" Debe="0.00" Haber="0.00" SaldoFin="0.00" /><BCE:Ctas NumCta="603040074000" SaldoIni="0.00" Debe="0.00" Haber="0.00" SaldoFin="0.00" /><BCE:Ctas NumCta="603040075000" SaldoIni="0.00" Debe="0.00" Haber="0.00" SaldoFin="0.00" /><BCE:Ctas NumCta="603040075002" SaldoIni="0.00" Debe="0.00" Haber="0.00" SaldoFin="0.00" /><BCE:Ctas NumCta="603040075004" SaldoIni="0.00" Debe="0.00" Haber="0.00" SaldoFin="0.00" /><BCE:Ctas NumCta="603040075005" SaldoIni="0.00" Debe="0.00" Haber="0.00" SaldoFin="0.00" /><BCE:Ctas NumCta="603040076000" SaldoIni="0.00" Debe="0.00" Haber="0.00" SaldoFin="0.00" /><BCE:Ctas NumCta="603040078000" SaldoIni="0.00" Debe="0.00" Haber="0.00" SaldoFin="0.00" /><BCE:Ctas NumCta="603040078001" SaldoIni="0.00" Debe="0.00" Haber="0.00" SaldoFin="0.00" /><BCE:Ctas NumCta="603040079000" SaldoIni="0.00" Debe="0.00" Haber="0.00" SaldoFin="0.00" /><BCE:Ctas NumCta="603040081000" SaldoIni="0.00" Debe="0.00" Haber="0.00" SaldoFin="0.00" /><BCE:Ctas NumCta="603040082000" SaldoIni="0.00" Debe="0.00" Haber="0.00" SaldoFin="0.00" /><BCE:Ctas NumCta="603040083000" SaldoIni="0.00" Debe="0.00" Haber="0.00" SaldoFin="0.00" /><BCE:Ctas NumCta="603040083057" SaldoIni="0.00" Debe="0.00" Haber="0.00" SaldoFin="0.00" /><BCE:Ctas NumCta="603040083508" SaldoIni="0.00" Debe="0.00" Haber="0.00" SaldoFin="0.00" /><BCE:Ctas NumCta="603040084000" SaldoIni="0.00" Debe="0.00" Haber="0.00" SaldoFin="0.00" /><BCE:Ctas NumCta="603040084001" SaldoIni="0.00" Debe="0.00" Haber="0.00" SaldoFin="0.00" /><BCE:Ctas NumCta="603040085000" SaldoIni="0.00" Debe="0.00" Haber="0.00" SaldoFin="0.00" /><BCE:Ctas NumCta="603040085002" SaldoIni="0.00" Debe="0.00" Haber="0.00" SaldoFin="0.00" /><BCE:Ctas NumCta="603040086000" SaldoIni="0.00" Debe="0.00" Haber="0.00" SaldoFin="0.00" /><BCE:Ctas NumCta="603040086002" SaldoIni="0.00" Debe="0.00" Haber="0.00" SaldoFin="0.00" /><BCE:Ctas NumCta="603040086003" SaldoIni="0.00" Debe="0.00" Haber="0.00" SaldoFin="0.00" /><BCE:Ctas NumCta="603040087000" SaldoIni="0.00" Debe="0.00" Haber="0.00" SaldoFin="0.00" /><BCE:Ctas NumCta="603040087001" SaldoIni="0.00" Debe="0.00" Haber="0.00" SaldoFin="0.00" /><BCE:Ctas NumCta="603040088000" SaldoIni="0.00" Debe="0.00" Haber="0.00" SaldoFin="0.00" /><BCE:Ctas NumCta="603040089000" SaldoIni="0.00" Debe="0.00" Haber="0.00" SaldoFin="0.00" /><BCE:Ctas NumCta="603040090000" SaldoIni="0.00" Debe="0.00" Haber="0.00" SaldoFin="0.00" /><BCE:Ctas NumCta="603040090100" SaldoIni="0.00" Debe="0.00" Haber="0.00" SaldoFin="0.00" /><BCE:Ctas NumCta="603040090101" SaldoIni="0.00" Debe="0.00" Haber="0.00" SaldoFin="0.00" /><BCE:Ctas NumCta="603040090200" SaldoIni="0.00" Debe="0.00" Haber="0.00" SaldoFin="0.00" /><BCE:Ctas NumCta="603040090300" SaldoIni="0.00" Debe="0.00" Haber="0.00" SaldoFin="0.00" /><BCE:Ctas NumCta="603040090301" SaldoIni="0.00" Debe="0.00" Haber="0.00" SaldoFin="0.00" /><BCE:Ctas NumCta="603040090302" SaldoIni="0.00" Debe="0.00" Haber="0.00" SaldoFin="0.00" /><BCE:Ctas NumCta="603040090304" SaldoIni="0.00" Debe="0.00" Haber="0.00" SaldoFin="0.00" /><BCE:Ctas NumCta="603040090305" SaldoIni="0.00" Debe="0.00" Haber="0.00" SaldoFin="0.00" /><BCE:Ctas NumCta="603040090306" SaldoIni="0.00" Debe="0.00" Haber="0.00" SaldoFin="0.00" /><BCE:Ctas NumCta="603040090307" SaldoIni="0.00" Debe="0.00" Haber="0.00" SaldoFin="0.00" /><BCE:Ctas NumCta="603040090308" SaldoIni="0.00" Debe="0.00" Haber="0.00" SaldoFin="0.00" /><BCE:Ctas NumCta="603040090309" SaldoIni="0.00" Debe="0.00" Haber="0.00" SaldoFin="0.00" /><BCE:Ctas NumCta="603040090310" SaldoIni="0.00" Debe="0.00" Haber="0.00" SaldoFin="0.00" /><BCE:Ctas NumCta="603040090311" SaldoIni="0.00" Debe="0.00" Haber="0.00" SaldoFin="0.00" /><BCE:Ctas NumCta="603040090312" SaldoIni="0.00" Debe="0.00" Haber="0.00" SaldoFin="0.00" /><BCE:Ctas NumCta="603040095000" SaldoIni="0.00" Debe="0.00" Haber="0.00" SaldoFin="0.00" /><BCE:Ctas NumCta="603050000000" SaldoIni="0.00" Debe="0.00" Haber="0.00" SaldoFin="0.00" /><BCE:Ctas NumCta="603050001000" SaldoIni="0.00" Debe="0.00" Haber="0.00" SaldoFin="0.00" /><BCE:Ctas NumCta="603050002000" SaldoIni="0.00" Debe="0.00" Haber="0.00" SaldoFin="0.00" /><BCE:Ctas NumCta="603050003000" SaldoIni="0.00" Debe="0.00" Haber="0.00" SaldoFin="0.00" /><BCE:Ctas NumCta="603050004000" SaldoIni="0.00" Debe="0.00" Haber="0.00" SaldoFin="0.00" /><BCE:Ctas NumCta="603050005000" SaldoIni="0.00" Debe="0.00" Haber="0.00" SaldoFin="0.00" /><BCE:Ctas NumCta="603050006000" SaldoIni="0.00" Debe="0.00" Haber="0.00" SaldoFin="0.00" /><BCE:Ctas NumCta="603050007000" SaldoIni="0.00" Debe="0.00" Haber="0.00" SaldoFin="0.00" /><BCE:Ctas NumCta="603050008000" SaldoIni="0.00" Debe="0.00" Haber="0.00" SaldoFin="0.00" /><BCE:Ctas NumCta="603050009000" SaldoIni="0.00" Debe="0.00" Haber="0.00" SaldoFin="0.00" /><BCE:Ctas NumCta="603050010000" SaldoIni="0.00" Debe="0.00" Haber="0.00" SaldoFin="0.00" /><BCE:Ctas NumCta="603050011000" SaldoIni="0.00" Debe="0.00" Haber="0.00" SaldoFin="0.00" /><BCE:Ctas NumCta="603050012000" SaldoIni="0.00" Debe="0.00" Haber="0.00" SaldoFin="0.00" /><BCE:Ctas NumCta="603050013000" SaldoIni="0.00" Debe="0.00" Haber="0.00" SaldoFin="0.00" /><BCE:Ctas NumCta="603050014000" SaldoIni="0.00" Debe="0.00" Haber="0.00" SaldoFin="0.00" /><BCE:Ctas NumCta="603050015000" SaldoIni="0.00" Debe="0.00" Haber="0.00" SaldoFin="0.00" /><BCE:Ctas NumCta="603050016000" SaldoIni="0.00" Debe="0.00" Haber="0.00" SaldoFin="0.00" /><BCE:Ctas NumCta="603050017000" SaldoIni="0.00" Debe="0.00" Haber="0.00" SaldoFin="0.00" /><BCE:Ctas NumCta="603050017002" SaldoIni="0.00" Debe="0.00" Haber="0.00" SaldoFin="0.00" /><BCE:Ctas NumCta="603050017003" SaldoIni="0.00" Debe="0.00" Haber="0.00" SaldoFin="0.00" /><BCE:Ctas NumCta="603050017004" SaldoIni="0.00" Debe="0.00" Haber="0.00" SaldoFin="0.00" /><BCE:Ctas NumCta="603050017005" SaldoIni="0.00" Debe="0.00" Haber="0.00" SaldoFin="0.00" /><BCE:Ctas NumCta="603050018000" SaldoIni="0.00" Debe="0.00" Haber="0.00" SaldoFin="0.00" /><BCE:Ctas NumCta="603050019000" SaldoIni="0.00" Debe="0.00" Haber="0.00" SaldoFin="0.00" /><BCE:Ctas NumCta="603050020000" SaldoIni="0.00" Debe="0.00" Haber="0.00" SaldoFin="0.00" /><BCE:Ctas NumCta="603050021000" SaldoIni="0.00" Debe="0.00" Haber="0.00" SaldoFin="0.00" /><BCE:Ctas NumCta="603050022000" SaldoIni="0.00" Debe="0.00" Haber="0.00" SaldoFin="0.00" /><BCE:Ctas NumCta="603050023000" SaldoIni="0.00" Debe="0.00" Haber="0.00" SaldoFin="0.00" /><BCE:Ctas NumCta="603050025000" SaldoIni="0.00" Debe="0.00" Haber="0.00" SaldoFin="0.00" /><BCE:Ctas NumCta="603050026000" SaldoIni="0.00" Debe="0.00" Haber="0.00" SaldoFin="0.00" /><BCE:Ctas NumCta="603050027000" SaldoIni="0.00" Debe="0.00" Haber="0.00" SaldoFin="0.00" /><BCE:Ctas NumCta="603050028000" SaldoIni="0.00" Debe="0.00" Haber="0.00" SaldoFin="0.00" /><BCE:Ctas NumCta="603050029000" SaldoIni="0.00" Debe="0.00" Haber="0.00" SaldoFin="0.00" /><BCE:Ctas NumCta="603050030000" SaldoIni="0.00" Debe="0.00" Haber="0.00" SaldoFin="0.00" /><BCE:Ctas NumCta="603050031000" SaldoIni="0.00" Debe="0.00" Haber="0.00" SaldoFin="0.00" /><BCE:Ctas NumCta="603050032000" SaldoIni="0.00" Debe="0.00" Haber="0.00" SaldoFin="0.00" /><BCE:Ctas NumCta="603050032002" SaldoIni="0.00" Debe="0.00" Haber="0.00" SaldoFin="0.00" /><BCE:Ctas NumCta="603050034000" SaldoIni="0.00" Debe="0.00" Haber="0.00" SaldoFin="0.00" /><BCE:Ctas NumCta="603050034001" SaldoIni="0.00" Debe="0.00" Haber="0.00" SaldoFin="0.00" /><BCE:Ctas NumCta="603050034002" SaldoIni="0.00" Debe="0.00" Haber="0.00" SaldoFin="0.00" /><BCE:Ctas NumCta="603050038000" SaldoIni="0.00" Debe="0.00" Haber="0.00" SaldoFin="0.00" /><BCE:Ctas NumCta="603050042000" SaldoIni="0.00" Debe="0.00" Haber="0.00" SaldoFin="0.00" /><BCE:Ctas NumCta="603050043000" SaldoIni="0.00" Debe="0.00" Haber="0.00" SaldoFin="0.00" /><BCE:Ctas NumCta="603050044000" SaldoIni="0.00" Debe="0.00" Haber="0.00" SaldoFin="0.00" /><BCE:Ctas NumCta="603050045000" SaldoIni="0.00" Debe="0.00" Haber="0.00" SaldoFin="0.00" /><BCE:Ctas NumCta="603050045001" SaldoIni="0.00" Debe="0.00" Haber="0.00" SaldoFin="0.00" /><BCE:Ctas NumCta="603050046000" SaldoIni="0.00" Debe="0.00" Haber="0.00" SaldoFin="0.00" /><BCE:Ctas NumCta="603050048000" SaldoIni="0.00" Debe="0.00" Haber="0.00" SaldoFin="0.00" /><BCE:Ctas NumCta="603050048005" SaldoIni="0.00" Debe="0.00" Haber="0.00" SaldoFin="0.00" /><BCE:Ctas NumCta="603050048016" SaldoIni="0.00" Debe="0.00" Haber="0.00" SaldoFin="0.00" /><BCE:Ctas NumCta="603050048055" SaldoIni="0.00" Debe="0.00" Haber="0.00" SaldoFin="0.00" /><BCE:Ctas NumCta="603050048062" SaldoIni="0.00" Debe="0.00" Haber="0.00" SaldoFin="0.00" /><BCE:Ctas NumCta="603050048077" SaldoIni="0.00" Debe="0.00" Haber="0.00" SaldoFin="0.00" /><BCE:Ctas NumCta="603050048081" SaldoIni="0.00" Debe="0.00" Haber="0.00" SaldoFin="0.00" /><BCE:Ctas NumCta="603050048082" SaldoIni="0.00" Debe="0.00" Haber="0.00" SaldoFin="0.00" /><BCE:Ctas NumCta="603050048108" SaldoIni="0.00" Debe="0.00" Haber="0.00" SaldoFin="0.00" /><BCE:Ctas NumCta="603050048112" SaldoIni="0.00" Debe="0.00" Haber="0.00" SaldoFin="0.00" /><BCE:Ctas NumCta="603050048113" SaldoIni="0.00" Debe="0.00" Haber="0.00" SaldoFin="0.00" /><BCE:Ctas NumCta="603050048519" SaldoIni="0.00" Debe="0.00" Haber="0.00" SaldoFin="0.00" /><BCE:Ctas NumCta="603050049000" SaldoIni="0.00" Debe="0.00" Haber="0.00" SaldoFin="0.00" /><BCE:Ctas NumCta="603050049001" SaldoIni="0.00" Debe="0.00" Haber="0.00" SaldoFin="0.00" /><BCE:Ctas NumCta="603050049002" SaldoIni="0.00" Debe="0.00" Haber="0.00" SaldoFin="0.00" /><BCE:Ctas NumCta="603050049003" SaldoIni="0.00" Debe="0.00" Haber="0.00" SaldoFin="0.00" /><BCE:Ctas NumCta="603050049004" SaldoIni="0.00" Debe="0.00" Haber="0.00" SaldoFin="0.00" /><BCE:Ctas NumCta="603050049005" SaldoIni="0.00" Debe="0.00" Haber="0.00" SaldoFin="0.00" /><BCE:Ctas NumCta="603050049006" SaldoIni="0.00" Debe="0.00" Haber="0.00" SaldoFin="0.00" /><BCE:Ctas NumCta="603050049007" SaldoIni="0.00" Debe="0.00" Haber="0.00" SaldoFin="0.00" /><BCE:Ctas NumCta="603050049008" SaldoIni="0.00" Debe="0.00" Haber="0.00" SaldoFin="0.00" /><BCE:Ctas NumCta="603050049009" SaldoIni="0.00" Debe="0.00" Haber="0.00" SaldoFin="0.00" /><BCE:Ctas NumCta="603050049010" SaldoIni="0.00" Debe="0.00" Haber="0.00" SaldoFin="0.00" /><BCE:Ctas NumCta="603050049011" SaldoIni="0.00" Debe="0.00" Haber="0.00" SaldoFin="0.00" /><BCE:Ctas NumCta="603050049012" SaldoIni="0.00" Debe="0.00" Haber="0.00" SaldoFin="0.00" /><BCE:Ctas NumCta="603050049013" SaldoIni="0.00" Debe="0.00" Haber="0.00" SaldoFin="0.00" /><BCE:Ctas NumCta="603050049014" SaldoIni="0.00" Debe="0.00" Haber="0.00" SaldoFin="0.00" /><BCE:Ctas NumCta="603050049015" SaldoIni="0.00" Debe="0.00" Haber="0.00" SaldoFin="0.00" /><BCE:Ctas NumCta="603050049016" SaldoIni="0.00" Debe="0.00" Haber="0.00" SaldoFin="0.00" /><BCE:Ctas NumCta="603050049017" SaldoIni="0.00" Debe="0.00" Haber="0.00" SaldoFin="0.00" /><BCE:Ctas NumCta="603050049018" SaldoIni="0.00" Debe="0.00" Haber="0.00" SaldoFin="0.00" /><BCE:Ctas NumCta="603050050000" SaldoIni="0.00" Debe="0.00" Haber="0.00" SaldoFin="0.00" /><BCE:Ctas NumCta="603050050001" SaldoIni="0.00" Debe="0.00" Haber="0.00" SaldoFin="0.00" /><BCE:Ctas NumCta="603050050002" SaldoIni="0.00" Debe="0.00" Haber="0.00" SaldoFin="0.00" /><BCE:Ctas NumCta="603050050003" SaldoIni="0.00" Debe="0.00" Haber="0.00" SaldoFin="0.00" /><BCE:Ctas NumCta="603050051000" SaldoIni="0.00" Debe="0.00" Haber="0.00" SaldoFin="0.00" /><BCE:Ctas NumCta="603050051001" SaldoIni="0.00" Debe="0.00" Haber="0.00" SaldoFin="0.00" /><BCE:Ctas NumCta="603050051002" SaldoIni="0.00" Debe="0.00" Haber="0.00" SaldoFin="0.00" /><BCE:Ctas NumCta="603050051003" SaldoIni="0.00" Debe="0.00" Haber="0.00" SaldoFin="0.00" /><BCE:Ctas NumCta="603050051004" SaldoIni="0.00" Debe="0.00" Haber="0.00" SaldoFin="0.00" /><BCE:Ctas NumCta="603050051005" SaldoIni="0.00" Debe="0.00" Haber="0.00" SaldoFin="0.00" /><BCE:Ctas NumCta="603050051006" SaldoIni="0.00" Debe="0.00" Haber="0.00" SaldoFin="0.00" /><BCE:Ctas NumCta="603050051007" SaldoIni="0.00" Debe="0.00" Haber="0.00" SaldoFin="0.00" /><BCE:Ctas NumCta="603050052000" SaldoIni="0.00" Debe="0.00" Haber="0.00" SaldoFin="0.00" /><BCE:Ctas NumCta="603050052001" SaldoIni="0.00" Debe="0.00" Haber="0.00" SaldoFin="0.00" /><BCE:Ctas NumCta="603050053000" SaldoIni="0.00" Debe="0.00" Haber="0.00" SaldoFin="0.00" /><BCE:Ctas NumCta="603050053001" SaldoIni="0.00" Debe="0.00" Haber="0.00" SaldoFin="0.00" /><BCE:Ctas NumCta="603050053002" SaldoIni="0.00" Debe="0.00" Haber="0.00" SaldoFin="0.00" /><BCE:Ctas NumCta="603050053003" SaldoIni="0.00" Debe="0.00" Haber="0.00" SaldoFin="0.00" /><BCE:Ctas NumCta="603050053004" SaldoIni="0.00" Debe="0.00" Haber="0.00" SaldoFin="0.00" /><BCE:Ctas NumCta="603050053005" SaldoIni="0.00" Debe="0.00" Haber="0.00" SaldoFin="0.00" /><BCE:Ctas NumCta="603050053006" SaldoIni="0.00" Debe="0.00" Haber="0.00" SaldoFin="0.00" /><BCE:Ctas NumCta="603050053007" SaldoIni="0.00" Debe="0.00" Haber="0.00" SaldoFin="0.00" /><BCE:Ctas NumCta="603050053008" SaldoIni="0.00" Debe="0.00" Haber="0.00" SaldoFin="0.00" /><BCE:Ctas NumCta="603050053009" SaldoIni="0.00" Debe="0.00" Haber="0.00" SaldoFin="0.00" /><BCE:Ctas NumCta="603050054000" SaldoIni="0.00" Debe="0.00" Haber="0.00" SaldoFin="0.00" /><BCE:Ctas NumCta="603050054001" SaldoIni="0.00" Debe="0.00" Haber="0.00" SaldoFin="0.00" /><BCE:Ctas NumCta="603050054002" SaldoIni="0.00" Debe="0.00" Haber="0.00" SaldoFin="0.00" /><BCE:Ctas NumCta="603050054003" SaldoIni="0.00" Debe="0.00" Haber="0.00" SaldoFin="0.00" /><BCE:Ctas NumCta="603050054004" SaldoIni="0.00" Debe="0.00" Haber="0.00" SaldoFin="0.00" /><BCE:Ctas NumCta="603050054005" SaldoIni="0.00" Debe="0.00" Haber="0.00" SaldoFin="0.00" /><BCE:Ctas NumCta="603050054006" SaldoIni="0.00" Debe="0.00" Haber="0.00" SaldoFin="0.00" /><BCE:Ctas NumCta="603050054007" SaldoIni="0.00" Debe="0.00" Haber="0.00" SaldoFin="0.00" /><BCE:Ctas NumCta="603050054008" SaldoIni="0.00" Debe="0.00" Haber="0.00" SaldoFin="0.00" /><BCE:Ctas NumCta="603050054009" SaldoIni="0.00" Debe="0.00" Haber="0.00" SaldoFin="0.00" /><BCE:Ctas NumCta="603050054010" SaldoIni="0.00" Debe="0.00" Haber="0.00" SaldoFin="0.00" /><BCE:Ctas NumCta="603050054011" SaldoIni="0.00" Debe="0.00" Haber="0.00" SaldoFin="0.00" /><BCE:Ctas NumCta="603050054012" SaldoIni="0.00" Debe="0.00" Haber="0.00" SaldoFin="0.00" /><BCE:Ctas NumCta="603050054013" SaldoIni="0.00" Debe="0.00" Haber="0.00" SaldoFin="0.00" /><BCE:Ctas NumCta="603050055000" SaldoIni="0.00" Debe="0.00" Haber="0.00" SaldoFin="0.00" /><BCE:Ctas NumCta="603050055001" SaldoIni="0.00" Debe="0.00" Haber="0.00" SaldoFin="0.00" /><BCE:Ctas NumCta="603050055002" SaldoIni="0.00" Debe="0.00" Haber="0.00" SaldoFin="0.00" /><BCE:Ctas NumCta="603050055003" SaldoIni="0.00" Debe="0.00" Haber="0.00" SaldoFin="0.00" /><BCE:Ctas NumCta="603050055004" SaldoIni="0.00" Debe="0.00" Haber="0.00" SaldoFin="0.00" /><BCE:Ctas NumCta="603050055005" SaldoIni="0.00" Debe="0.00" Haber="0.00" SaldoFin="0.00" /><BCE:Ctas NumCta="603050055006" SaldoIni="0.00" Debe="0.00" Haber="0.00" SaldoFin="0.00" /><BCE:Ctas NumCta="603050055007" SaldoIni="0.00" Debe="0.00" Haber="0.00" SaldoFin="0.00" /><BCE:Ctas NumCta="603050055008" SaldoIni="0.00" Debe="0.00" Haber="0.00" SaldoFin="0.00" /><BCE:Ctas NumCta="603050055009" SaldoIni="0.00" Debe="0.00" Haber="0.00" SaldoFin="0.00" /><BCE:Ctas NumCta="603050055010" SaldoIni="0.00" Debe="0.00" Haber="0.00" SaldoFin="0.00" /><BCE:Ctas NumCta="603050055011" SaldoIni="0.00" Debe="0.00" Haber="0.00" SaldoFin="0.00" /><BCE:Ctas NumCta="603050055012" SaldoIni="0.00" Debe="0.00" Haber="0.00" SaldoFin="0.00" /><BCE:Ctas NumCta="603050055013" SaldoIni="0.00" Debe="0.00" Haber="0.00" SaldoFin="0.00" /><BCE:Ctas NumCta="603050055014" SaldoIni="0.00" Debe="0.00" Haber="0.00" SaldoFin="0.00" /><BCE:Ctas NumCta="603050055015" SaldoIni="0.00" Debe="0.00" Haber="0.00" SaldoFin="0.00" /><BCE:Ctas NumCta="603050056000" SaldoIni="0.00" Debe="0.00" Haber="0.00" SaldoFin="0.00" /><BCE:Ctas NumCta="603050056001" SaldoIni="0.00" Debe="0.00" Haber="0.00" SaldoFin="0.00" /><BCE:Ctas NumCta="603050056002" SaldoIni="0.00" Debe="0.00" Haber="0.00" SaldoFin="0.00" /><BCE:Ctas NumCta="603050056003" SaldoIni="0.00" Debe="0.00" Haber="0.00" SaldoFin="0.00" /><BCE:Ctas NumCta="603050056004" SaldoIni="0.00" Debe="0.00" Haber="0.00" SaldoFin="0.00" /><BCE:Ctas NumCta="603050056005" SaldoIni="0.00" Debe="0.00" Haber="0.00" SaldoFin="0.00" /><BCE:Ctas NumCta="603050056006" SaldoIni="0.00" Debe="0.00" Haber="0.00" SaldoFin="0.00" /><BCE:Ctas NumCta="603050056007" SaldoIni="0.00" Debe="0.00" Haber="0.00" SaldoFin="0.00" /><BCE:Ctas NumCta="603050056008" SaldoIni="0.00" Debe="0.00" Haber="0.00" SaldoFin="0.00" /><BCE:Ctas NumCta="603050056009" SaldoIni="0.00" Debe="0.00" Haber="0.00" SaldoFin="0.00" /><BCE:Ctas NumCta="603050056010" SaldoIni="0.00" Debe="0.00" Haber="0.00" SaldoFin="0.00" /><BCE:Ctas NumCta="603050056011" SaldoIni="0.00" Debe="0.00" Haber="0.00" SaldoFin="0.00" /><BCE:Ctas NumCta="603050056012" SaldoIni="0.00" Debe="0.00" Haber="0.00" SaldoFin="0.00" /><BCE:Ctas NumCta="603050056013" SaldoIni="0.00" Debe="0.00" Haber="0.00" SaldoFin="0.00" /><BCE:Ctas NumCta="603050056014" SaldoIni="0.00" Debe="0.00" Haber="0.00" SaldoFin="0.00" /><BCE:Ctas NumCta="603050056015" SaldoIni="0.00" Debe="0.00" Haber="0.00" SaldoFin="0.00" /><BCE:Ctas NumCta="603050057000" SaldoIni="0.00" Debe="0.00" Haber="0.00" SaldoFin="0.00" /><BCE:Ctas NumCta="603050057108" SaldoIni="0.00" Debe="0.00" Haber="0.00" SaldoFin="0.00" /><BCE:Ctas NumCta="603050058000" SaldoIni="0.00" Debe="0.00" Haber="0.00" SaldoFin="0.00" /><BCE:Ctas NumCta="603050058100" SaldoIni="0.00" Debe="0.00" Haber="0.00" SaldoFin="0.00" /><BCE:Ctas NumCta="603050058108" SaldoIni="0.00" Debe="0.00" Haber="0.00" SaldoFin="0.00" /><BCE:Ctas NumCta="603050058200" SaldoIni="0.00" Debe="0.00" Haber="0.00" SaldoFin="0.00" /><BCE:Ctas NumCta="603050059000" SaldoIni="0.00" Debe="0.00" Haber="0.00" SaldoFin="0.00" /><BCE:Ctas NumCta="603050060000" SaldoIni="0.00" Debe="0.00" Haber="0.00" SaldoFin="0.00" /><BCE:Ctas NumCta="603050060001" SaldoIni="0.00" Debe="0.00" Haber="0.00" SaldoFin="0.00" /><BCE:Ctas NumCta="603050060002" SaldoIni="0.00" Debe="0.00" Haber="0.00" SaldoFin="0.00" /><BCE:Ctas NumCta="603050060003" SaldoIni="0.00" Debe="0.00" Haber="0.00" SaldoFin="0.00" /><BCE:Ctas NumCta="603050060004" SaldoIni="0.00" Debe="0.00" Haber="0.00" SaldoFin="0.00" /><BCE:Ctas NumCta="603050061000" SaldoIni="0.00" Debe="0.00" Haber="0.00" SaldoFin="0.00" /><BCE:Ctas NumCta="603050061001" SaldoIni="0.00" Debe="0.00" Haber="0.00" SaldoFin="0.00" /><BCE:Ctas NumCta="603050061002" SaldoIni="0.00" Debe="0.00" Haber="0.00" SaldoFin="0.00" /><BCE:Ctas NumCta="603050061003" SaldoIni="0.00" Debe="0.00" Haber="0.00" SaldoFin="0.00" /><BCE:Ctas NumCta="603050061004" SaldoIni="0.00" Debe="0.00" Haber="0.00" SaldoFin="0.00" /><BCE:Ctas NumCta="603050061005" SaldoIni="0.00" Debe="0.00" Haber="0.00" SaldoFin="0.00" /><BCE:Ctas NumCta="603050061006" SaldoIni="0.00" Debe="0.00" Haber="0.00" SaldoFin="0.00" /><BCE:Ctas NumCta="603050061007" SaldoIni="0.00" Debe="0.00" Haber="0.00" SaldoFin="0.00" /><BCE:Ctas NumCta="603050062000" SaldoIni="0.00" Debe="0.00" Haber="0.00" SaldoFin="0.00" /><BCE:Ctas NumCta="603050062002" SaldoIni="0.00" Debe="0.00" Haber="0.00" SaldoFin="0.00" /><BCE:Ctas NumCta="603050062003" SaldoIni="0.00" Debe="0.00" Haber="0.00" SaldoFin="0.00" /><BCE:Ctas NumCta="603050063000" SaldoIni="0.00" Debe="0.00" Haber="0.00" SaldoFin="0.00" /><BCE:Ctas NumCta="603050064000" SaldoIni="0.00" Debe="0.00" Haber="0.00" SaldoFin="0.00" /><BCE:Ctas NumCta="603050064001" SaldoIni="0.00" Debe="0.00" Haber="0.00" SaldoFin="0.00" /><BCE:Ctas NumCta="603050064002" SaldoIni="0.00" Debe="0.00" Haber="0.00" SaldoFin="0.00" /><BCE:Ctas NumCta="603050064003" SaldoIni="0.00" Debe="0.00" Haber="0.00" SaldoFin="0.00" /><BCE:Ctas NumCta="603050064004" SaldoIni="0.00" Debe="0.00" Haber="0.00" SaldoFin="0.00" /><BCE:Ctas NumCta="603050064005" SaldoIni="0.00" Debe="0.00" Haber="0.00" SaldoFin="0.00" /><BCE:Ctas NumCta="603050064006" SaldoIni="0.00" Debe="0.00" Haber="0.00" SaldoFin="0.00" /><BCE:Ctas NumCta="603050064007" SaldoIni="0.00" Debe="0.00" Haber="0.00" SaldoFin="0.00" /><BCE:Ctas NumCta="603050064008" SaldoIni="0.00" Debe="0.00" Haber="0.00" SaldoFin="0.00" /><BCE:Ctas NumCta="603050072000" SaldoIni="0.00" Debe="0.00" Haber="0.00" SaldoFin="0.00" /><BCE:Ctas NumCta="603050072001" SaldoIni="0.00" Debe="0.00" Haber="0.00" SaldoFin="0.00" /><BCE:Ctas NumCta="603050072003" SaldoIni="0.00" Debe="0.00" Haber="0.00" SaldoFin="0.00" /><BCE:Ctas NumCta="603050073000" SaldoIni="0.00" Debe="0.00" Haber="0.00" SaldoFin="0.00" /><BCE:Ctas NumCta="603050074000" SaldoIni="0.00" Debe="0.00" Haber="0.00" SaldoFin="0.00" /><BCE:Ctas NumCta="603050075000" SaldoIni="0.00" Debe="0.00" Haber="0.00" SaldoFin="0.00" /><BCE:Ctas NumCta="603050075001" SaldoIni="0.00" Debe="0.00" Haber="0.00" SaldoFin="0.00" /><BCE:Ctas NumCta="603050075002" SaldoIni="0.00" Debe="0.00" Haber="0.00" SaldoFin="0.00" /><BCE:Ctas NumCta="603050075003" SaldoIni="0.00" Debe="0.00" Haber="0.00" SaldoFin="0.00" /><BCE:Ctas NumCta="603050075004" SaldoIni="0.00" Debe="0.00" Haber="0.00" SaldoFin="0.00" /><BCE:Ctas NumCta="603050075005" SaldoIni="0.00" Debe="0.00" Haber="0.00" SaldoFin="0.00" /><BCE:Ctas NumCta="603050076000" SaldoIni="0.00" Debe="0.00" Haber="0.00" SaldoFin="0.00" /><BCE:Ctas NumCta="603050078000" SaldoIni="0.00" Debe="0.00" Haber="0.00" SaldoFin="0.00" /><BCE:Ctas NumCta="603050079000" SaldoIni="0.00" Debe="0.00" Haber="0.00" SaldoFin="0.00" /><BCE:Ctas NumCta="603050081000" SaldoIni="0.00" Debe="0.00" Haber="0.00" SaldoFin="0.00" /><BCE:Ctas NumCta="603050082000" SaldoIni="0.00" Debe="0.00" Haber="0.00" SaldoFin="0.00" /><BCE:Ctas NumCta="603050083000" SaldoIni="0.00" Debe="0.00" Haber="0.00" SaldoFin="0.00" /><BCE:Ctas NumCta="603050083055" SaldoIni="0.00" Debe="0.00" Haber="0.00" SaldoFin="0.00" /><BCE:Ctas NumCta="603050083108" SaldoIni="0.00" Debe="0.00" Haber="0.00" SaldoFin="0.00" /><BCE:Ctas NumCta="603050084000" SaldoIni="0.00" Debe="0.00" Haber="0.00" SaldoFin="0.00" /><BCE:Ctas NumCta="603050084001" SaldoIni="0.00" Debe="0.00" Haber="0.00" SaldoFin="0.00" /><BCE:Ctas NumCta="603050084002" SaldoIni="0.00" Debe="0.00" Haber="0.00" SaldoFin="0.00" /><BCE:Ctas NumCta="603050085000" SaldoIni="0.00" Debe="0.00" Haber="0.00" SaldoFin="0.00" /><BCE:Ctas NumCta="603050085002" SaldoIni="0.00" Debe="0.00" Haber="0.00" SaldoFin="0.00" /><BCE:Ctas NumCta="603050086000" SaldoIni="0.00" Debe="0.00" Haber="0.00" SaldoFin="0.00" /><BCE:Ctas NumCta="603050087000" SaldoIni="0.00" Debe="0.00" Haber="0.00" SaldoFin="0.00" /><BCE:Ctas NumCta="603050088000" SaldoIni="0.00" Debe="0.00" Haber="0.00" SaldoFin="0.00" /><BCE:Ctas NumCta="603050088001" SaldoIni="0.00" Debe="0.00" Haber="0.00" SaldoFin="0.00" /><BCE:Ctas NumCta="603050089000" SaldoIni="0.00" Debe="0.00" Haber="0.00" SaldoFin="0.00" /><BCE:Ctas NumCta="603050090000" SaldoIni="0.00" Debe="0.00" Haber="0.00" SaldoFin="0.00" /><BCE:Ctas NumCta="603050090100" SaldoIni="0.00" Debe="0.00" Haber="0.00" SaldoFin="0.00" /><BCE:Ctas NumCta="603050090101" SaldoIni="0.00" Debe="0.00" Haber="0.00" SaldoFin="0.00" /><BCE:Ctas NumCta="603050090200" SaldoIni="0.00" Debe="0.00" Haber="0.00" SaldoFin="0.00" /><BCE:Ctas NumCta="603050090202" SaldoIni="0.00" Debe="0.00" Haber="0.00" SaldoFin="0.00" /><BCE:Ctas NumCta="603050090300" SaldoIni="0.00" Debe="0.00" Haber="0.00" SaldoFin="0.00" /><BCE:Ctas NumCta="603050090301" SaldoIni="0.00" Debe="0.00" Haber="0.00" SaldoFin="0.00" /><BCE:Ctas NumCta="603050090302" SaldoIni="0.00" Debe="0.00" Haber="0.00" SaldoFin="0.00" /><BCE:Ctas NumCta="603050090303" SaldoIni="0.00" Debe="0.00" Haber="0.00" SaldoFin="0.00" /><BCE:Ctas NumCta="603050090304" SaldoIni="0.00" Debe="0.00" Haber="0.00" SaldoFin="0.00" /><BCE:Ctas NumCta="603050090305" SaldoIni="0.00" Debe="0.00" Haber="0.00" SaldoFin="0.00" /><BCE:Ctas NumCta="603050090306" SaldoIni="0.00" Debe="0.00" Haber="0.00" SaldoFin="0.00" /><BCE:Ctas NumCta="603050090307" SaldoIni="0.00" Debe="0.00" Haber="0.00" SaldoFin="0.00" /><BCE:Ctas NumCta="603050090308" SaldoIni="0.00" Debe="0.00" Haber="0.00" SaldoFin="0.00" /><BCE:Ctas NumCta="603050090309" SaldoIni="0.00" Debe="0.00" Haber="0.00" SaldoFin="0.00" /><BCE:Ctas NumCta="603050090310" SaldoIni="0.00" Debe="0.00" Haber="0.00" SaldoFin="0.00" /><BCE:Ctas NumCta="603050090311" SaldoIni="0.00" Debe="0.00" Haber="0.00" SaldoFin="0.00" /><BCE:Ctas NumCta="603050090312" SaldoIni="0.00" Debe="0.00" Haber="0.00" SaldoFin="0.00" /><BCE:Ctas NumCta="603050090313" SaldoIni="0.00" Debe="0.00" Haber="0.00" SaldoFin="0.00" /><BCE:Ctas NumCta="603050090314" SaldoIni="0.00" Debe="0.00" Haber="0.00" SaldoFin="0.00" /><BCE:Ctas NumCta="603050090315" SaldoIni="0.00" Debe="0.00" Haber="0.00" SaldoFin="0.00" /><BCE:Ctas NumCta="603050090316" SaldoIni="0.00" Debe="0.00" Haber="0.00" SaldoFin="0.00" /><BCE:Ctas NumCta="603050095000" SaldoIni="0.00" Debe="0.00" Haber="0.00" SaldoFin="0.00" /><BCE:Ctas NumCta="603100000000" SaldoIni="0.00" Debe="0.00" Haber="0.00" SaldoFin="0.00" /><BCE:Ctas NumCta="603100001000" SaldoIni="0.00" Debe="0.00" Haber="0.00" SaldoFin="0.00" /><BCE:Ctas NumCta="603100002000" SaldoIni="0.00" Debe="0.00" Haber="0.00" SaldoFin="0.00" /><BCE:Ctas NumCta="603100003000" SaldoIni="0.00" Debe="0.00" Haber="0.00" SaldoFin="0.00" /><BCE:Ctas NumCta="603100004000" SaldoIni="0.00" Debe="0.00" Haber="0.00" SaldoFin="0.00" /><BCE:Ctas NumCta="603100005000" SaldoIni="0.00" Debe="0.00" Haber="0.00" SaldoFin="0.00" /><BCE:Ctas NumCta="603100006000" SaldoIni="0.00" Debe="0.00" Haber="0.00" SaldoFin="0.00" /><BCE:Ctas NumCta="603100007000" SaldoIni="0.00" Debe="0.00" Haber="0.00" SaldoFin="0.00" /><BCE:Ctas NumCta="603100008000" SaldoIni="0.00" Debe="0.00" Haber="0.00" SaldoFin="0.00" /><BCE:Ctas NumCta="603100009000" SaldoIni="0.00" Debe="0.00" Haber="0.00" SaldoFin="0.00" /><BCE:Ctas NumCta="603100010000" SaldoIni="0.00" Debe="0.00" Haber="0.00" SaldoFin="0.00" /><BCE:Ctas NumCta="603100011000" SaldoIni="0.00" Debe="0.00" Haber="0.00" SaldoFin="0.00" /><BCE:Ctas NumCta="603100012000" SaldoIni="0.00" Debe="0.00" Haber="0.00" SaldoFin="0.00" /><BCE:Ctas NumCta="603100013000" SaldoIni="0.00" Debe="0.00" Haber="0.00" SaldoFin="0.00" /><BCE:Ctas NumCta="603100014000" SaldoIni="0.00" Debe="0.00" Haber="0.00" SaldoFin="0.00" /><BCE:Ctas NumCta="603100015000" SaldoIni="0.00" Debe="0.00" Haber="0.00" SaldoFin="0.00" /><BCE:Ctas NumCta="603100016000" SaldoIni="0.00" Debe="0.00" Haber="0.00" SaldoFin="0.00" /><BCE:Ctas NumCta="603100017000" SaldoIni="0.00" Debe="0.00" Haber="0.00" SaldoFin="0.00" /><BCE:Ctas NumCta="603100017002" SaldoIni="0.00" Debe="0.00" Haber="0.00" SaldoFin="0.00" /><BCE:Ctas NumCta="603100017003" SaldoIni="0.00" Debe="0.00" Haber="0.00" SaldoFin="0.00" /><BCE:Ctas NumCta="603100018000" SaldoIni="0.00" Debe="0.00" Haber="0.00" SaldoFin="0.00" /><BCE:Ctas NumCta="603100019000" SaldoIni="0.00" Debe="0.00" Haber="0.00" SaldoFin="0.00" /><BCE:Ctas NumCta="603100020000" SaldoIni="0.00" Debe="0.00" Haber="0.00" SaldoFin="0.00" /><BCE:Ctas NumCta="603100021000" SaldoIni="0.00" Debe="0.00" Haber="0.00" SaldoFin="0.00" /><BCE:Ctas NumCta="603100022000" SaldoIni="0.00" Debe="0.00" Haber="0.00" SaldoFin="0.00" /><BCE:Ctas NumCta="603100023000" SaldoIni="0.00" Debe="0.00" Haber="0.00" SaldoFin="0.00" /><BCE:Ctas NumCta="603100025000" SaldoIni="0.00" Debe="0.00" Haber="0.00" SaldoFin="0.00" /><BCE:Ctas NumCta="603100026000" SaldoIni="0.00" Debe="0.00" Haber="0.00" SaldoFin="0.00" /><BCE:Ctas NumCta="603100027000" SaldoIni="0.00" Debe="0.00" Haber="0.00" SaldoFin="0.00" /><BCE:Ctas NumCta="603100028000" SaldoIni="0.00" Debe="0.00" Haber="0.00" SaldoFin="0.00" /><BCE:Ctas NumCta="603100029000" SaldoIni="0.00" Debe="0.00" Haber="0.00" SaldoFin="0.00" /><BCE:Ctas NumCta="603100030000" SaldoIni="0.00" Debe="0.00" Haber="0.00" SaldoFin="0.00" /><BCE:Ctas NumCta="603100031000" SaldoIni="0.00" Debe="0.00" Haber="0.00" SaldoFin="0.00" /><BCE:Ctas NumCta="603100032000" SaldoIni="0.00" Debe="0.00" Haber="0.00" SaldoFin="0.00" /><BCE:Ctas NumCta="603100032002" SaldoIni="0.00" Debe="0.00" Haber="0.00" SaldoFin="0.00" /><BCE:Ctas NumCta="603100032003" SaldoIni="0.00" Debe="0.00" Haber="0.00" SaldoFin="0.00" /><BCE:Ctas NumCta="603100032004" SaldoIni="0.00" Debe="0.00" Haber="0.00" SaldoFin="0.00" /><BCE:Ctas NumCta="603100032005" SaldoIni="0.00" Debe="0.00" Haber="0.00" SaldoFin="0.00" /><BCE:Ctas NumCta="603100032006" SaldoIni="0.00" Debe="0.00" Haber="0.00" SaldoFin="0.00" /><BCE:Ctas NumCta="603100034000" SaldoIni="0.00" Debe="0.00" Haber="0.00" SaldoFin="0.00" /><BCE:Ctas NumCta="603100034001" SaldoIni="0.00" Debe="0.00" Haber="0.00" SaldoFin="0.00" /><BCE:Ctas NumCta="603100034002" SaldoIni="0.00" Debe="0.00" Haber="0.00" SaldoFin="0.00" /><BCE:Ctas NumCta="603100034003" SaldoIni="0.00" Debe="0.00" Haber="0.00" SaldoFin="0.00" /><BCE:Ctas NumCta="603100038000" SaldoIni="0.00" Debe="0.00" Haber="0.00" SaldoFin="0.00" /><BCE:Ctas NumCta="603100042000" SaldoIni="0.00" Debe="0.00" Haber="0.00" SaldoFin="0.00" /><BCE:Ctas NumCta="603100043000" SaldoIni="0.00" Debe="0.00" Haber="0.00" SaldoFin="0.00" /><BCE:Ctas NumCta="603100044000" SaldoIni="0.00" Debe="0.00" Haber="0.00" SaldoFin="0.00" /><BCE:Ctas NumCta="603100045000" SaldoIni="0.00" Debe="0.00" Haber="0.00" SaldoFin="0.00" /><BCE:Ctas NumCta="603100046000" SaldoIni="0.00" Debe="0.00" Haber="0.00" SaldoFin="0.00" /><BCE:Ctas NumCta="603100048000" SaldoIni="0.00" Debe="0.00" Haber="0.00" SaldoFin="0.00" /><BCE:Ctas NumCta="603100048001" SaldoIni="0.00" Debe="0.00" Haber="0.00" SaldoFin="0.00" /><BCE:Ctas NumCta="603100048004" SaldoIni="0.00" Debe="0.00" Haber="0.00" SaldoFin="0.00" /><BCE:Ctas NumCta="603100048005" SaldoIni="0.00" Debe="0.00" Haber="0.00" SaldoFin="0.00" /><BCE:Ctas NumCta="603100048006" SaldoIni="0.00" Debe="0.00" Haber="0.00" SaldoFin="0.00" /><BCE:Ctas NumCta="603100048007" SaldoIni="0.00" Debe="0.00" Haber="0.00" SaldoFin="0.00" /><BCE:Ctas NumCta="603100048011" SaldoIni="0.00" Debe="0.00" Haber="0.00" SaldoFin="0.00" /><BCE:Ctas NumCta="603100048015" SaldoIni="0.00" Debe="0.00" Haber="0.00" SaldoFin="0.00" /><BCE:Ctas NumCta="603100048016" SaldoIni="0.00" Debe="0.00" Haber="0.00" SaldoFin="0.00" /><BCE:Ctas NumCta="603100048024" SaldoIni="0.00" Debe="0.00" Haber="0.00" SaldoFin="0.00" /><BCE:Ctas NumCta="603100048025" SaldoIni="0.00" Debe="0.00" Haber="0.00" SaldoFin="0.00" /><BCE:Ctas NumCta="603100048026" SaldoIni="0.00" Debe="0.00" Haber="0.00" SaldoFin="0.00" /><BCE:Ctas NumCta="603100048032" SaldoIni="0.00" Debe="0.00" Haber="0.00" SaldoFin="0.00" /><BCE:Ctas NumCta="603100048035" SaldoIni="0.00" Debe="0.00" Haber="0.00" SaldoFin="0.00" /><BCE:Ctas NumCta="603100048038" SaldoIni="0.00" Debe="0.00" Haber="0.00" SaldoFin="0.00" /><BCE:Ctas NumCta="603100048041" SaldoIni="0.00" Debe="0.00" Haber="0.00" SaldoFin="0.00" /><BCE:Ctas NumCta="603100048042" SaldoIni="0.00" Debe="0.00" Haber="0.00" SaldoFin="0.00" /><BCE:Ctas NumCta="603100048047" SaldoIni="0.00" Debe="0.00" Haber="0.00" SaldoFin="0.00" /><BCE:Ctas NumCta="603100048049" SaldoIni="0.00" Debe="0.00" Haber="0.00" SaldoFin="0.00" /><BCE:Ctas NumCta="603100048053" SaldoIni="0.00" Debe="0.00" Haber="0.00" SaldoFin="0.00" /><BCE:Ctas NumCta="603100048054" SaldoIni="0.00" Debe="0.00" Haber="0.00" SaldoFin="0.00" /><BCE:Ctas NumCta="603100048055" SaldoIni="0.00" Debe="0.00" Haber="0.00" SaldoFin="0.00" /><BCE:Ctas NumCta="603100048059" SaldoIni="0.00" Debe="0.00" Haber="0.00" SaldoFin="0.00" /><BCE:Ctas NumCta="603100048062" SaldoIni="0.00" Debe="0.00" Haber="0.00" SaldoFin="0.00" /><BCE:Ctas NumCta="603100048066" SaldoIni="0.00" Debe="0.00" Haber="0.00" SaldoFin="0.00" /><BCE:Ctas NumCta="603100048067" SaldoIni="0.00" Debe="0.00" Haber="0.00" SaldoFin="0.00" /><BCE:Ctas NumCta="603100048074" SaldoIni="0.00" Debe="0.00" Haber="0.00" SaldoFin="0.00" /><BCE:Ctas NumCta="603100048075" SaldoIni="0.00" Debe="0.00" Haber="0.00" SaldoFin="0.00" /><BCE:Ctas NumCta="603100048081" SaldoIni="0.00" Debe="0.00" Haber="0.00" SaldoFin="0.00" /><BCE:Ctas NumCta="603100048084" SaldoIni="0.00" Debe="0.00" Haber="0.00" SaldoFin="0.00" /><BCE:Ctas NumCta="603100048088" SaldoIni="0.00" Debe="0.00" Haber="0.00" SaldoFin="0.00" /><BCE:Ctas NumCta="603100048091" SaldoIni="0.00" Debe="0.00" Haber="0.00" SaldoFin="0.00" /><BCE:Ctas NumCta="603100048098" SaldoIni="0.00" Debe="0.00" Haber="0.00" SaldoFin="0.00" /><BCE:Ctas NumCta="603100048106" SaldoIni="0.00" Debe="0.00" Haber="0.00" SaldoFin="0.00" /><BCE:Ctas NumCta="603100048108" SaldoIni="0.00" Debe="0.00" Haber="0.00" SaldoFin="0.00" /><BCE:Ctas NumCta="603100048109" SaldoIni="0.00" Debe="0.00" Haber="0.00" SaldoFin="0.00" /><BCE:Ctas NumCta="603100048110" SaldoIni="0.00" Debe="0.00" Haber="0.00" SaldoFin="0.00" /><BCE:Ctas NumCta="603100048111" SaldoIni="0.00" Debe="0.00" Haber="0.00" SaldoFin="0.00" /><BCE:Ctas NumCta="603100048112" SaldoIni="0.00" Debe="0.00" Haber="0.00" SaldoFin="0.00" /><BCE:Ctas NumCta="603100048114" SaldoIni="0.00" Debe="0.00" Haber="0.00" SaldoFin="0.00" /><BCE:Ctas NumCta="603100048200" SaldoIni="0.00" Debe="0.00" Haber="0.00" SaldoFin="0.00" /><BCE:Ctas NumCta="603100048201" SaldoIni="0.00" Debe="0.00" Haber="0.00" SaldoFin="0.00" /><BCE:Ctas NumCta="603100048203" SaldoIni="0.00" Debe="0.00" Haber="0.00" SaldoFin="0.00" /><BCE:Ctas NumCta="603100048204" SaldoIni="0.00" Debe="0.00" Haber="0.00" SaldoFin="0.00" /><BCE:Ctas NumCta="603100048205" SaldoIni="0.00" Debe="0.00" Haber="0.00" SaldoFin="0.00" /><BCE:Ctas NumCta="603100048206" SaldoIni="0.00" Debe="0.00" Haber="0.00" SaldoFin="0.00" /><BCE:Ctas NumCta="603100048207" SaldoIni="0.00" Debe="0.00" Haber="0.00" SaldoFin="0.00" /><BCE:Ctas NumCta="603100048208" SaldoIni="0.00" Debe="0.00" Haber="0.00" SaldoFin="0.00" /><BCE:Ctas NumCta="603100048209" SaldoIni="0.00" Debe="0.00" Haber="0.00" SaldoFin="0.00" /><BCE:Ctas NumCta="603100048501" SaldoIni="0.00" Debe="0.00" Haber="0.00" SaldoFin="0.00" /><BCE:Ctas NumCta="603100048506" SaldoIni="0.00" Debe="0.00" Haber="0.00" SaldoFin="0.00" /><BCE:Ctas NumCta="603100048517" SaldoIni="0.00" Debe="0.00" Haber="0.00" SaldoFin="0.00" /><BCE:Ctas NumCta="603100048601" SaldoIni="0.00" Debe="0.00" Haber="0.00" SaldoFin="0.00" /><BCE:Ctas NumCta="603100048602" SaldoIni="0.00" Debe="0.00" Haber="0.00" SaldoFin="0.00" /><BCE:Ctas NumCta="603100048932" SaldoIni="0.00" Debe="0.00" Haber="0.00" SaldoFin="0.00" /><BCE:Ctas NumCta="603100048933" SaldoIni="0.00" Debe="0.00" Haber="0.00" SaldoFin="0.00" /><BCE:Ctas NumCta="603100048934" SaldoIni="0.00" Debe="0.00" Haber="0.00" SaldoFin="0.00" /><BCE:Ctas NumCta="603100048935" SaldoIni="0.00" Debe="0.00" Haber="0.00" SaldoFin="0.00" /><BCE:Ctas NumCta="603100048982" SaldoIni="0.00" Debe="0.00" Haber="0.00" SaldoFin="0.00" /><BCE:Ctas NumCta="603100049000" SaldoIni="0.00" Debe="0.00" Haber="0.00" SaldoFin="0.00" /><BCE:Ctas NumCta="603100049001" SaldoIni="0.00" Debe="0.00" Haber="0.00" SaldoFin="0.00" /><BCE:Ctas NumCta="603100049002" SaldoIni="0.00" Debe="0.00" Haber="0.00" SaldoFin="0.00" /><BCE:Ctas NumCta="603100049003" SaldoIni="0.00" Debe="0.00" Haber="0.00" SaldoFin="0.00" /><BCE:Ctas NumCta="603100049004" SaldoIni="0.00" Debe="0.00" Haber="0.00" SaldoFin="0.00" /><BCE:Ctas NumCta="603100049005" SaldoIni="0.00" Debe="0.00" Haber="0.00" SaldoFin="0.00" /><BCE:Ctas NumCta="603100049006" SaldoIni="0.00" Debe="0.00" Haber="0.00" SaldoFin="0.00" /><BCE:Ctas NumCta="603100049007" SaldoIni="0.00" Debe="0.00" Haber="0.00" SaldoFin="0.00" /><BCE:Ctas NumCta="603100049008" SaldoIni="0.00" Debe="0.00" Haber="0.00" SaldoFin="0.00" /><BCE:Ctas NumCta="603100049009" SaldoIni="0.00" Debe="0.00" Haber="0.00" SaldoFin="0.00" /><BCE:Ctas NumCta="603100049010" SaldoIni="0.00" Debe="0.00" Haber="0.00" SaldoFin="0.00" /><BCE:Ctas NumCta="603100049011" SaldoIni="0.00" Debe="0.00" Haber="0.00" SaldoFin="0.00" /><BCE:Ctas NumCta="603100049012" SaldoIni="0.00" Debe="0.00" Haber="0.00" SaldoFin="0.00" /><BCE:Ctas NumCta="603100049013" SaldoIni="0.00" Debe="0.00" Haber="0.00" SaldoFin="0.00" /><BCE:Ctas NumCta="603100049014" SaldoIni="0.00" Debe="0.00" Haber="0.00" SaldoFin="0.00" /><BCE:Ctas NumCta="603100049015" SaldoIni="0.00" Debe="0.00" Haber="0.00" SaldoFin="0.00" /><BCE:Ctas NumCta="603100049016" SaldoIni="0.00" Debe="0.00" Haber="0.00" SaldoFin="0.00" /><BCE:Ctas NumCta="603100049017" SaldoIni="0.00" Debe="0.00" Haber="0.00" SaldoFin="0.00" /><BCE:Ctas NumCta="603100049018" SaldoIni="0.00" Debe="0.00" Haber="0.00" SaldoFin="0.00" /><BCE:Ctas NumCta="603100049019" SaldoIni="0.00" Debe="0.00" Haber="0.00" SaldoFin="0.00" /><BCE:Ctas NumCta="603100049020" SaldoIni="0.00" Debe="0.00" Haber="0.00" SaldoFin="0.00" /><BCE:Ctas NumCta="603100049021" SaldoIni="0.00" Debe="0.00" Haber="0.00" SaldoFin="0.00" /><BCE:Ctas NumCta="603100049022" SaldoIni="0.00" Debe="0.00" Haber="0.00" SaldoFin="0.00" /><BCE:Ctas NumCta="603100049023" SaldoIni="0.00" Debe="0.00" Haber="0.00" SaldoFin="0.00" /><BCE:Ctas NumCta="603100049024" SaldoIni="0.00" Debe="0.00" Haber="0.00" SaldoFin="0.00" /><BCE:Ctas NumCta="603100049025" SaldoIni="0.00" Debe="0.00" Haber="0.00" SaldoFin="0.00" /><BCE:Ctas NumCta="603100049026" SaldoIni="0.00" Debe="0.00" Haber="0.00" SaldoFin="0.00" /><BCE:Ctas NumCta="603100049027" SaldoIni="0.00" Debe="0.00" Haber="0.00" SaldoFin="0.00" /><BCE:Ctas NumCta="603100049028" SaldoIni="0.00" Debe="0.00" Haber="0.00" SaldoFin="0.00" /><BCE:Ctas NumCta="603100050000" SaldoIni="0.00" Debe="0.00" Haber="0.00" SaldoFin="0.00" /><BCE:Ctas NumCta="603100050001" SaldoIni="0.00" Debe="0.00" Haber="0.00" SaldoFin="0.00" /><BCE:Ctas NumCta="603100050002" SaldoIni="0.00" Debe="0.00" Haber="0.00" SaldoFin="0.00" /><BCE:Ctas NumCta="603100050003" SaldoIni="0.00" Debe="0.00" Haber="0.00" SaldoFin="0.00" /><BCE:Ctas NumCta="603100050004" SaldoIni="0.00" Debe="0.00" Haber="0.00" SaldoFin="0.00" /><BCE:Ctas NumCta="603100050005" SaldoIni="0.00" Debe="0.00" Haber="0.00" SaldoFin="0.00" /><BCE:Ctas NumCta="603100051000" SaldoIni="0.00" Debe="0.00" Haber="0.00" SaldoFin="0.00" /><BCE:Ctas NumCta="603100051001" SaldoIni="0.00" Debe="0.00" Haber="0.00" SaldoFin="0.00" /><BCE:Ctas NumCta="603100051003" SaldoIni="0.00" Debe="0.00" Haber="0.00" SaldoFin="0.00" /><BCE:Ctas NumCta="603100052000" SaldoIni="0.00" Debe="0.00" Haber="0.00" SaldoFin="0.00" /><BCE:Ctas NumCta="603100052001" SaldoIni="0.00" Debe="0.00" Haber="0.00" SaldoFin="0.00" /><BCE:Ctas NumCta="603100053000" SaldoIni="0.00" Debe="0.00" Haber="0.00" SaldoFin="0.00" /><BCE:Ctas NumCta="603100053001" SaldoIni="0.00" Debe="0.00" Haber="0.00" SaldoFin="0.00" /><BCE:Ctas NumCta="603100053004" SaldoIni="0.00" Debe="0.00" Haber="0.00" SaldoFin="0.00" /><BCE:Ctas NumCta="603100054000" SaldoIni="0.00" Debe="0.00" Haber="0.00" SaldoFin="0.00" /><BCE:Ctas NumCta="603100054001" SaldoIni="0.00" Debe="0.00" Haber="0.00" SaldoFin="0.00" /><BCE:Ctas NumCta="603100054002" SaldoIni="0.00" Debe="0.00" Haber="0.00" SaldoFin="0.00" /><BCE:Ctas NumCta="603100054003" SaldoIni="0.00" Debe="0.00" Haber="0.00" SaldoFin="0.00" /><BCE:Ctas NumCta="603100054004" SaldoIni="0.00" Debe="0.00" Haber="0.00" SaldoFin="0.00" /><BCE:Ctas NumCta="603100054005" SaldoIni="0.00" Debe="0.00" Haber="0.00" SaldoFin="0.00" /><BCE:Ctas NumCta="603100055000" SaldoIni="0.00" Debe="0.00" Haber="0.00" SaldoFin="0.00" /><BCE:Ctas NumCta="603100055001" SaldoIni="0.00" Debe="0.00" Haber="0.00" SaldoFin="0.00" /><BCE:Ctas NumCta="603100055002" SaldoIni="0.00" Debe="0.00" Haber="0.00" SaldoFin="0.00" /><BCE:Ctas NumCta="603100055003" SaldoIni="0.00" Debe="0.00" Haber="0.00" SaldoFin="0.00" /><BCE:Ctas NumCta="603100055004" SaldoIni="0.00" Debe="0.00" Haber="0.00" SaldoFin="0.00" /><BCE:Ctas NumCta="603100055005" SaldoIni="0.00" Debe="0.00" Haber="0.00" SaldoFin="0.00" /><BCE:Ctas NumCta="603100055006" SaldoIni="0.00" Debe="0.00" Haber="0.00" SaldoFin="0.00" /><BCE:Ctas NumCta="603100055007" SaldoIni="0.00" Debe="0.00" Haber="0.00" SaldoFin="0.00" /><BCE:Ctas NumCta="603100055008" SaldoIni="0.00" Debe="0.00" Haber="0.00" SaldoFin="0.00" /><BCE:Ctas NumCta="603100055009" SaldoIni="0.00" Debe="0.00" Haber="0.00" SaldoFin="0.00" /><BCE:Ctas NumCta="603100055010" SaldoIni="0.00" Debe="0.00" Haber="0.00" SaldoFin="0.00" /><BCE:Ctas NumCta="603100055011" SaldoIni="0.00" Debe="0.00" Haber="0.00" SaldoFin="0.00" /><BCE:Ctas NumCta="603100055012" SaldoIni="0.00" Debe="0.00" Haber="0.00" SaldoFin="0.00" /><BCE:Ctas NumCta="603100055013" SaldoIni="0.00" Debe="0.00" Haber="0.00" SaldoFin="0.00" /><BCE:Ctas NumCta="603100055014" SaldoIni="0.00" Debe="0.00" Haber="0.00" SaldoFin="0.00" /><BCE:Ctas NumCta="603100055015" SaldoIni="0.00" Debe="0.00" Haber="0.00" SaldoFin="0.00" /><BCE:Ctas NumCta="603100055016" SaldoIni="0.00" Debe="0.00" Haber="0.00" SaldoFin="0.00" /><BCE:Ctas NumCta="603100055017" SaldoIni="0.00" Debe="0.00" Haber="0.00" SaldoFin="0.00" /><BCE:Ctas NumCta="603100055018" SaldoIni="0.00" Debe="0.00" Haber="0.00" SaldoFin="0.00" /><BCE:Ctas NumCta="603100055019" SaldoIni="0.00" Debe="0.00" Haber="0.00" SaldoFin="0.00" /><BCE:Ctas NumCta="603100055020" SaldoIni="0.00" Debe="0.00" Haber="0.00" SaldoFin="0.00" /><BCE:Ctas NumCta="603100056000" SaldoIni="0.00" Debe="0.00" Haber="0.00" SaldoFin="0.00" /><BCE:Ctas NumCta="603100056001" SaldoIni="0.00" Debe="0.00" Haber="0.00" SaldoFin="0.00" /><BCE:Ctas NumCta="603100056005" SaldoIni="0.00" Debe="0.00" Haber="0.00" SaldoFin="0.00" /><BCE:Ctas NumCta="603100056006" SaldoIni="0.00" Debe="0.00" Haber="0.00" SaldoFin="0.00" /><BCE:Ctas NumCta="603100056008" SaldoIni="0.00" Debe="0.00" Haber="0.00" SaldoFin="0.00" /><BCE:Ctas NumCta="603100057000" SaldoIni="0.00" Debe="0.00" Haber="0.00" SaldoFin="0.00" /><BCE:Ctas NumCta="603100057001" SaldoIni="0.00" Debe="0.00" Haber="0.00" SaldoFin="0.00" /><BCE:Ctas NumCta="603100057004" SaldoIni="0.00" Debe="0.00" Haber="0.00" SaldoFin="0.00" /><BCE:Ctas NumCta="603100057005" SaldoIni="0.00" Debe="0.00" Haber="0.00" SaldoFin="0.00" /><BCE:Ctas NumCta="603100057006" SaldoIni="0.00" Debe="0.00" Haber="0.00" SaldoFin="0.00" /><BCE:Ctas NumCta="603100057011" SaldoIni="0.00" Debe="0.00" Haber="0.00" SaldoFin="0.00" /><BCE:Ctas NumCta="603100057015" SaldoIni="0.00" Debe="0.00" Haber="0.00" SaldoFin="0.00" /><BCE:Ctas NumCta="603100057016" SaldoIni="0.00" Debe="0.00" Haber="0.00" SaldoFin="0.00" /><BCE:Ctas NumCta="603100057024" SaldoIni="0.00" Debe="0.00" Haber="0.00" SaldoFin="0.00" /><BCE:Ctas NumCta="603100057038" SaldoIni="0.00" Debe="0.00" Haber="0.00" SaldoFin="0.00" /><BCE:Ctas NumCta="603100057053" SaldoIni="0.00" Debe="0.00" Haber="0.00" SaldoFin="0.00" /><BCE:Ctas NumCta="603100057066" SaldoIni="0.00" Debe="0.00" Haber="0.00" SaldoFin="0.00" /><BCE:Ctas NumCta="603100057068" SaldoIni="0.00" Debe="0.00" Haber="0.00" SaldoFin="0.00" /><BCE:Ctas NumCta="603100057069" SaldoIni="0.00" Debe="0.00" Haber="0.00" SaldoFin="0.00" /><BCE:Ctas NumCta="603100057081" SaldoIni="0.00" Debe="0.00" Haber="0.00" SaldoFin="0.00" /><BCE:Ctas NumCta="603100057088" SaldoIni="0.00" Debe="0.00" Haber="0.00" SaldoFin="0.00" /><BCE:Ctas NumCta="603100057104" SaldoIni="0.00" Debe="0.00" Haber="0.00" SaldoFin="0.00" /><BCE:Ctas NumCta="603100057106" SaldoIni="0.00" Debe="0.00" Haber="0.00" SaldoFin="0.00" /><BCE:Ctas NumCta="603100057107" SaldoIni="0.00" Debe="0.00" Haber="0.00" SaldoFin="0.00" /><BCE:Ctas NumCta="603100057109" SaldoIni="0.00" Debe="0.00" Haber="0.00" SaldoFin="0.00" /><BCE:Ctas NumCta="603100057110" SaldoIni="0.00" Debe="0.00" Haber="0.00" SaldoFin="0.00" /><BCE:Ctas NumCta="603100057111" SaldoIni="0.00" Debe="0.00" Haber="0.00" SaldoFin="0.00" /><BCE:Ctas NumCta="603100057200" SaldoIni="0.00" Debe="0.00" Haber="0.00" SaldoFin="0.00" /><BCE:Ctas NumCta="603100057201" SaldoIni="0.00" Debe="0.00" Haber="0.00" SaldoFin="0.00" /><BCE:Ctas NumCta="603100057202" SaldoIni="0.00" Debe="0.00" Haber="0.00" SaldoFin="0.00" /><BCE:Ctas NumCta="603100057203" SaldoIni="0.00" Debe="0.00" Haber="0.00" SaldoFin="0.00" /><BCE:Ctas NumCta="603100057204" SaldoIni="0.00" Debe="0.00" Haber="0.00" SaldoFin="0.00" /><BCE:Ctas NumCta="603100057205" SaldoIni="0.00" Debe="0.00" Haber="0.00" SaldoFin="0.00" /><BCE:Ctas NumCta="603100057206" SaldoIni="0.00" Debe="0.00" Haber="0.00" SaldoFin="0.00" /><BCE:Ctas NumCta="603100057207" SaldoIni="0.00" Debe="0.00" Haber="0.00" SaldoFin="0.00" /><BCE:Ctas NumCta="603100057208" SaldoIni="0.00" Debe="0.00" Haber="0.00" SaldoFin="0.00" /><BCE:Ctas NumCta="603100057210" SaldoIni="0.00" Debe="0.00" Haber="0.00" SaldoFin="0.00" /><BCE:Ctas NumCta="603100058000" SaldoIni="0.00" Debe="0.00" Haber="0.00" SaldoFin="0.00" /><BCE:Ctas NumCta="603100058001" SaldoIni="0.00" Debe="0.00" Haber="0.00" SaldoFin="0.00" /><BCE:Ctas NumCta="603100058004" SaldoIni="0.00" Debe="0.00" Haber="0.00" SaldoFin="0.00" /><BCE:Ctas NumCta="603100058005" SaldoIni="0.00" Debe="0.00" Haber="0.00" SaldoFin="0.00" /><BCE:Ctas NumCta="603100058006" SaldoIni="0.00" Debe="0.00" Haber="0.00" SaldoFin="0.00" /><BCE:Ctas NumCta="603100058011" SaldoIni="0.00" Debe="0.00" Haber="0.00" SaldoFin="0.00" /><BCE:Ctas NumCta="603100058015" SaldoIni="0.00" Debe="0.00" Haber="0.00" SaldoFin="0.00" /><BCE:Ctas NumCta="603100058016" SaldoIni="0.00" Debe="0.00" Haber="0.00" SaldoFin="0.00" /><BCE:Ctas NumCta="603100058017" SaldoIni="0.00" Debe="0.00" Haber="0.00" SaldoFin="0.00" /><BCE:Ctas NumCta="603100058024" SaldoIni="0.00" Debe="0.00" Haber="0.00" SaldoFin="0.00" /><BCE:Ctas NumCta="603100058025" SaldoIni="0.00" Debe="0.00" Haber="0.00" SaldoFin="0.00" /><BCE:Ctas NumCta="603100058026" SaldoIni="0.00" Debe="0.00" Haber="0.00" SaldoFin="0.00" /><BCE:Ctas NumCta="603100058032" SaldoIni="0.00" Debe="0.00" Haber="0.00" SaldoFin="0.00" /><BCE:Ctas NumCta="603100058038" SaldoIni="0.00" Debe="0.00" Haber="0.00" SaldoFin="0.00" /><BCE:Ctas NumCta="603100058049" SaldoIni="0.00" Debe="0.00" Haber="0.00" SaldoFin="0.00" /><BCE:Ctas NumCta="603100058053" SaldoIni="0.00" Debe="0.00" Haber="0.00" SaldoFin="0.00" /><BCE:Ctas NumCta="603100058066" SaldoIni="0.00" Debe="0.00" Haber="0.00" SaldoFin="0.00" /><BCE:Ctas NumCta="603100058075" SaldoIni="0.00" Debe="0.00" Haber="0.00" SaldoFin="0.00" /><BCE:Ctas NumCta="603100058081" SaldoIni="0.00" Debe="0.00" Haber="0.00" SaldoFin="0.00" /><BCE:Ctas NumCta="603100058082" SaldoIni="0.00" Debe="0.00" Haber="0.00" SaldoFin="0.00" /><BCE:Ctas NumCta="603100058100" SaldoIni="0.00" Debe="0.00" Haber="0.00" SaldoFin="0.00" /><BCE:Ctas NumCta="603100058104" SaldoIni="0.00" Debe="0.00" Haber="0.00" SaldoFin="0.00" /><BCE:Ctas NumCta="603100058105" SaldoIni="0.00" Debe="0.00" Haber="0.00" SaldoFin="0.00" /><BCE:Ctas NumCta="603100058106" SaldoIni="0.00" Debe="0.00" Haber="0.00" SaldoFin="0.00" /><BCE:Ctas NumCta="603100058107" SaldoIni="0.00" Debe="0.00" Haber="0.00" SaldoFin="0.00" /><BCE:Ctas NumCta="603100058108" SaldoIni="0.00" Debe="0.00" Haber="0.00" SaldoFin="0.00" /><BCE:Ctas NumCta="603100058109" SaldoIni="0.00" Debe="0.00" Haber="0.00" SaldoFin="0.00" /><BCE:Ctas NumCta="603100058110" SaldoIni="0.00" Debe="0.00" Haber="0.00" SaldoFin="0.00" /><BCE:Ctas NumCta="603100058111" SaldoIni="0.00" Debe="0.00" Haber="0.00" SaldoFin="0.00" /><BCE:Ctas NumCta="603100058112" SaldoIni="0.00" Debe="0.00" Haber="0.00" SaldoFin="0.00" /><BCE:Ctas NumCta="603100058200" SaldoIni="0.00" Debe="0.00" Haber="0.00" SaldoFin="0.00" /><BCE:Ctas NumCta="603100058201" SaldoIni="0.00" Debe="0.00" Haber="0.00" SaldoFin="0.00" /><BCE:Ctas NumCta="603100058202" SaldoIni="0.00" Debe="0.00" Haber="0.00" SaldoFin="0.00" /><BCE:Ctas NumCta="603100058203" SaldoIni="0.00" Debe="0.00" Haber="0.00" SaldoFin="0.00" /><BCE:Ctas NumCta="603100058204" SaldoIni="0.00" Debe="0.00" Haber="0.00" SaldoFin="0.00" /><BCE:Ctas NumCta="603100058205" SaldoIni="0.00" Debe="0.00" Haber="0.00" SaldoFin="0.00" /><BCE:Ctas NumCta="603100058206" SaldoIni="0.00" Debe="0.00" Haber="0.00" SaldoFin="0.00" /><BCE:Ctas NumCta="603100058207" SaldoIni="0.00" Debe="0.00" Haber="0.00" SaldoFin="0.00" /><BCE:Ctas NumCta="603100058210" SaldoIni="0.00" Debe="0.00" Haber="0.00" SaldoFin="0.00" /><BCE:Ctas NumCta="603100059000" SaldoIni="0.00" Debe="0.00" Haber="0.00" SaldoFin="0.00" /><BCE:Ctas NumCta="603100060000" SaldoIni="0.00" Debe="0.00" Haber="0.00" SaldoFin="0.00" /><BCE:Ctas NumCta="603100060002" SaldoIni="0.00" Debe="0.00" Haber="0.00" SaldoFin="0.00" /><BCE:Ctas NumCta="603100060004" SaldoIni="0.00" Debe="0.00" Haber="0.00" SaldoFin="0.00" /><BCE:Ctas NumCta="603100061000" SaldoIni="0.00" Debe="0.00" Haber="0.00" SaldoFin="0.00" /><BCE:Ctas NumCta="603100061002" SaldoIni="0.00" Debe="0.00" Haber="0.00" SaldoFin="0.00" /><BCE:Ctas NumCta="603100061003" SaldoIni="0.00" Debe="0.00" Haber="0.00" SaldoFin="0.00" /><BCE:Ctas NumCta="603100061004" SaldoIni="0.00" Debe="0.00" Haber="0.00" SaldoFin="0.00" /><BCE:Ctas NumCta="603100061005" SaldoIni="0.00" Debe="0.00" Haber="0.00" SaldoFin="0.00" /><BCE:Ctas NumCta="603100062000" SaldoIni="0.00" Debe="0.00" Haber="0.00" SaldoFin="0.00" /><BCE:Ctas NumCta="603100062002" SaldoIni="0.00" Debe="0.00" Haber="0.00" SaldoFin="0.00" /><BCE:Ctas NumCta="603100062003" SaldoIni="0.00" Debe="0.00" Haber="0.00" SaldoFin="0.00" /><BCE:Ctas NumCta="603100062004" SaldoIni="0.00" Debe="0.00" Haber="0.00" SaldoFin="0.00" /><BCE:Ctas NumCta="603100062005" SaldoIni="0.00" Debe="0.00" Haber="0.00" SaldoFin="0.00" /><BCE:Ctas NumCta="603100062006" SaldoIni="0.00" Debe="0.00" Haber="0.00" SaldoFin="0.00" /><BCE:Ctas NumCta="603100062007" SaldoIni="0.00" Debe="0.00" Haber="0.00" SaldoFin="0.00" /><BCE:Ctas NumCta="603100062008" SaldoIni="0.00" Debe="0.00" Haber="0.00" SaldoFin="0.00" /><BCE:Ctas NumCta="603100063000" SaldoIni="0.00" Debe="0.00" Haber="0.00" SaldoFin="0.00" /><BCE:Ctas NumCta="603100063001" SaldoIni="0.00" Debe="0.00" Haber="0.00" SaldoFin="0.00" /><BCE:Ctas NumCta="603100064000" SaldoIni="0.00" Debe="0.00" Haber="0.00" SaldoFin="0.00" /><BCE:Ctas NumCta="603100064001" SaldoIni="0.00" Debe="0.00" Haber="0.00" SaldoFin="0.00" /><BCE:Ctas NumCta="603100064002" SaldoIni="0.00" Debe="0.00" Haber="0.00" SaldoFin="0.00" /><BCE:Ctas NumCta="603100064004" SaldoIni="0.00" Debe="0.00" Haber="0.00" SaldoFin="0.00" /><BCE:Ctas NumCta="603100064005" SaldoIni="0.00" Debe="0.00" Haber="0.00" SaldoFin="0.00" /><BCE:Ctas NumCta="603100072000" SaldoIni="0.00" Debe="0.00" Haber="0.00" SaldoFin="0.00" /><BCE:Ctas NumCta="603100072003" SaldoIni="0.00" Debe="0.00" Haber="0.00" SaldoFin="0.00" /><BCE:Ctas NumCta="603100072004" SaldoIni="0.00" Debe="0.00" Haber="0.00" SaldoFin="0.00" /><BCE:Ctas NumCta="603100072005" SaldoIni="0.00" Debe="0.00" Haber="0.00" SaldoFin="0.00" /><BCE:Ctas NumCta="603100072006" SaldoIni="0.00" Debe="0.00" Haber="0.00" SaldoFin="0.00" /><BCE:Ctas NumCta="603100073000" SaldoIni="0.00" Debe="0.00" Haber="0.00" SaldoFin="0.00" /><BCE:Ctas NumCta="603100074000" SaldoIni="0.00" Debe="0.00" Haber="0.00" SaldoFin="0.00" /><BCE:Ctas NumCta="603100075000" SaldoIni="0.00" Debe="0.00" Haber="0.00" SaldoFin="0.00" /><BCE:Ctas NumCta="603100075002" SaldoIni="0.00" Debe="0.00" Haber="0.00" SaldoFin="0.00" /><BCE:Ctas NumCta="603100075003" SaldoIni="0.00" Debe="0.00" Haber="0.00" SaldoFin="0.00" /><BCE:Ctas NumCta="603100075004" SaldoIni="0.00" Debe="0.00" Haber="0.00" SaldoFin="0.00" /><BCE:Ctas NumCta="603100075006" SaldoIni="0.00" Debe="0.00" Haber="0.00" SaldoFin="0.00" /><BCE:Ctas NumCta="603100076000" SaldoIni="0.00" Debe="0.00" Haber="0.00" SaldoFin="0.00" /><BCE:Ctas NumCta="603100078000" SaldoIni="0.00" Debe="0.00" Haber="0.00" SaldoFin="0.00" /><BCE:Ctas NumCta="603100079000" SaldoIni="0.00" Debe="0.00" Haber="0.00" SaldoFin="0.00" /><BCE:Ctas NumCta="603100081000" SaldoIni="0.00" Debe="0.00" Haber="0.00" SaldoFin="0.00" /><BCE:Ctas NumCta="603100081001" SaldoIni="0.00" Debe="0.00" Haber="0.00" SaldoFin="0.00" /><BCE:Ctas NumCta="603100081002" SaldoIni="0.00" Debe="0.00" Haber="0.00" SaldoFin="0.00" /><BCE:Ctas NumCta="603100081003" SaldoIni="0.00" Debe="0.00" Haber="0.00" SaldoFin="0.00" /><BCE:Ctas NumCta="603100081004" SaldoIni="0.00" Debe="0.00" Haber="0.00" SaldoFin="0.00" /><BCE:Ctas NumCta="603100081005" SaldoIni="0.00" Debe="0.00" Haber="0.00" SaldoFin="0.00" /><BCE:Ctas NumCta="603100081006" SaldoIni="0.00" Debe="0.00" Haber="0.00" SaldoFin="0.00" /><BCE:Ctas NumCta="603100081007" SaldoIni="0.00" Debe="0.00" Haber="0.00" SaldoFin="0.00" /><BCE:Ctas NumCta="603100081008" SaldoIni="0.00" Debe="0.00" Haber="0.00" SaldoFin="0.00" /><BCE:Ctas NumCta="603100081009" SaldoIni="0.00" Debe="0.00" Haber="0.00" SaldoFin="0.00" /><BCE:Ctas NumCta="603100082000" SaldoIni="0.00" Debe="0.00" Haber="0.00" SaldoFin="0.00" /><BCE:Ctas NumCta="603100083000" SaldoIni="0.00" Debe="0.00" Haber="0.00" SaldoFin="0.00" /><BCE:Ctas NumCta="603100083001" SaldoIni="0.00" Debe="0.00" Haber="0.00" SaldoFin="0.00" /><BCE:Ctas NumCta="603100083002" SaldoIni="0.00" Debe="0.00" Haber="0.00" SaldoFin="0.00" /><BCE:Ctas NumCta="603100083003" SaldoIni="0.00" Debe="0.00" Haber="0.00" SaldoFin="0.00" /><BCE:Ctas NumCta="603100083004" SaldoIni="0.00" Debe="0.00" Haber="0.00" SaldoFin="0.00" /><BCE:Ctas NumCta="603100083005" SaldoIni="0.00" Debe="0.00" Haber="0.00" SaldoFin="0.00" /><BCE:Ctas NumCta="603100083006" SaldoIni="0.00" Debe="0.00" Haber="0.00" SaldoFin="0.00" /><BCE:Ctas NumCta="603100083011" SaldoIni="0.00" Debe="0.00" Haber="0.00" SaldoFin="0.00" /><BCE:Ctas NumCta="603100083015" SaldoIni="0.00" Debe="0.00" Haber="0.00" SaldoFin="0.00" /><BCE:Ctas NumCta="603100083016" SaldoIni="0.00" Debe="0.00" Haber="0.00" SaldoFin="0.00" /><BCE:Ctas NumCta="603100083017" SaldoIni="0.00" Debe="0.00" Haber="0.00" SaldoFin="0.00" /><BCE:Ctas NumCta="603100083024" SaldoIni="0.00" Debe="0.00" Haber="0.00" SaldoFin="0.00" /><BCE:Ctas NumCta="603100083025" SaldoIni="0.00" Debe="0.00" Haber="0.00" SaldoFin="0.00" /><BCE:Ctas NumCta="603100083028" SaldoIni="0.00" Debe="0.00" Haber="0.00" SaldoFin="0.00" /><BCE:Ctas NumCta="603100083031" SaldoIni="0.00" Debe="0.00" Haber="0.00" SaldoFin="0.00" /><BCE:Ctas NumCta="603100083038" SaldoIni="0.00" Debe="0.00" Haber="0.00" SaldoFin="0.00" /><BCE:Ctas NumCta="603100083049" SaldoIni="0.00" Debe="0.00" Haber="0.00" SaldoFin="0.00" /><BCE:Ctas NumCta="603100083051" SaldoIni="0.00" Debe="0.00" Haber="0.00" SaldoFin="0.00" /><BCE:Ctas NumCta="603100083053" SaldoIni="0.00" Debe="0.00" Haber="0.00" SaldoFin="0.00" /><BCE:Ctas NumCta="603100083055" SaldoIni="0.00" Debe="0.00" Haber="0.00" SaldoFin="0.00" /><BCE:Ctas NumCta="603100083074" SaldoIni="0.00" Debe="0.00" Haber="0.00" SaldoFin="0.00" /><BCE:Ctas NumCta="603100083078" SaldoIni="0.00" Debe="0.00" Haber="0.00" SaldoFin="0.00" /><BCE:Ctas NumCta="603100083081" SaldoIni="0.00" Debe="0.00" Haber="0.00" SaldoFin="0.00" /><BCE:Ctas NumCta="603100083091" SaldoIni="0.00" Debe="0.00" Haber="0.00" SaldoFin="0.00" /><BCE:Ctas NumCta="603100083100" SaldoIni="0.00" Debe="0.00" Haber="0.00" SaldoFin="0.00" /><BCE:Ctas NumCta="603100083104" SaldoIni="0.00" Debe="0.00" Haber="0.00" SaldoFin="0.00" /><BCE:Ctas NumCta="603100083106" SaldoIni="0.00" Debe="0.00" Haber="0.00" SaldoFin="0.00" /><BCE:Ctas NumCta="603100083107" SaldoIni="0.00" Debe="0.00" Haber="0.00" SaldoFin="0.00" /><BCE:Ctas NumCta="603100083108" SaldoIni="0.00" Debe="0.00" Haber="0.00" SaldoFin="0.00" /><BCE:Ctas NumCta="603100083109" SaldoIni="0.00" Debe="0.00" Haber="0.00" SaldoFin="0.00" /><BCE:Ctas NumCta="603100083111" SaldoIni="0.00" Debe="0.00" Haber="0.00" SaldoFin="0.00" /><BCE:Ctas NumCta="603100083112" SaldoIni="0.00" Debe="0.00" Haber="0.00" SaldoFin="0.00" /><BCE:Ctas NumCta="603100083113" SaldoIni="0.00" Debe="0.00" Haber="0.00" SaldoFin="0.00" /><BCE:Ctas NumCta="603100083200" SaldoIni="0.00" Debe="0.00" Haber="0.00" SaldoFin="0.00" /><BCE:Ctas NumCta="603100083201" SaldoIni="0.00" Debe="0.00" Haber="0.00" SaldoFin="0.00" /><BCE:Ctas NumCta="603100083202" SaldoIni="0.00" Debe="0.00" Haber="0.00" SaldoFin="0.00" /><BCE:Ctas NumCta="603100083203" SaldoIni="0.00" Debe="0.00" Haber="0.00" SaldoFin="0.00" /><BCE:Ctas NumCta="603100083204" SaldoIni="0.00" Debe="0.00" Haber="0.00" SaldoFin="0.00" /><BCE:Ctas NumCta="603100083207" SaldoIni="0.00" Debe="0.00" Haber="0.00" SaldoFin="0.00" /><BCE:Ctas NumCta="603100083208" SaldoIni="0.00" Debe="0.00" Haber="0.00" SaldoFin="0.00" /><BCE:Ctas NumCta="603100083209" SaldoIni="0.00" Debe="0.00" Haber="0.00" SaldoFin="0.00" /><BCE:Ctas NumCta="603100083210" SaldoIni="0.00" Debe="0.00" Haber="0.00" SaldoFin="0.00" /><BCE:Ctas NumCta="603100083511" SaldoIni="0.00" Debe="0.00" Haber="0.00" SaldoFin="0.00" /><BCE:Ctas NumCta="603100083600" SaldoIni="0.00" Debe="0.00" Haber="0.00" SaldoFin="0.00" /><BCE:Ctas NumCta="603100083601" SaldoIni="0.00" Debe="0.00" Haber="0.00" SaldoFin="0.00" /><BCE:Ctas NumCta="603100083602" SaldoIni="0.00" Debe="0.00" Haber="0.00" SaldoFin="0.00" /><BCE:Ctas NumCta="603100084000" SaldoIni="0.00" Debe="0.00" Haber="0.00" SaldoFin="0.00" /><BCE:Ctas NumCta="603100084001" SaldoIni="0.00" Debe="0.00" Haber="0.00" SaldoFin="0.00" /><BCE:Ctas NumCta="603100084002" SaldoIni="0.00" Debe="0.00" Haber="0.00" SaldoFin="0.00" /><BCE:Ctas NumCta="603100084003" SaldoIni="0.00" Debe="0.00" Haber="0.00" SaldoFin="0.00" /><BCE:Ctas NumCta="603100084004" SaldoIni="0.00" Debe="0.00" Haber="0.00" SaldoFin="0.00" /><BCE:Ctas NumCta="603100084005" SaldoIni="0.00" Debe="0.00" Haber="0.00" SaldoFin="0.00" /><BCE:Ctas NumCta="603100085000" SaldoIni="0.00" Debe="0.00" Haber="0.00" SaldoFin="0.00" /><BCE:Ctas NumCta="603100085001" SaldoIni="0.00" Debe="0.00" Haber="0.00" SaldoFin="0.00" /><BCE:Ctas NumCta="603100085002" SaldoIni="0.00" Debe="0.00" Haber="0.00" SaldoFin="0.00" /><BCE:Ctas NumCta="603100085003" SaldoIni="0.00" Debe="0.00" Haber="0.00" SaldoFin="0.00" /><BCE:Ctas NumCta="603100085004" SaldoIni="0.00" Debe="0.00" Haber="0.00" SaldoFin="0.00" /><BCE:Ctas NumCta="603100085005" SaldoIni="0.00" Debe="0.00" Haber="0.00" SaldoFin="0.00" /><BCE:Ctas NumCta="603100085006" SaldoIni="0.00" Debe="0.00" Haber="0.00" SaldoFin="0.00" /><BCE:Ctas NumCta="603100086000" SaldoIni="0.00" Debe="0.00" Haber="0.00" SaldoFin="0.00" /><BCE:Ctas NumCta="603100087000" SaldoIni="0.00" Debe="0.00" Haber="0.00" SaldoFin="0.00" /><BCE:Ctas NumCta="603100087002" SaldoIni="0.00" Debe="0.00" Haber="0.00" SaldoFin="0.00" /><BCE:Ctas NumCta="603100087003" SaldoIni="0.00" Debe="0.00" Haber="0.00" SaldoFin="0.00" /><BCE:Ctas NumCta="603100088000" SaldoIni="0.00" Debe="0.00" Haber="0.00" SaldoFin="0.00" /><BCE:Ctas NumCta="603100088002" SaldoIni="0.00" Debe="0.00" Haber="0.00" SaldoFin="0.00" /><BCE:Ctas NumCta="603100089000" SaldoIni="0.00" Debe="0.00" Haber="0.00" SaldoFin="0.00" /><BCE:Ctas NumCta="603100089001" SaldoIni="0.00" Debe="0.00" Haber="0.00" SaldoFin="0.00" /><BCE:Ctas NumCta="603100090000" SaldoIni="0.00" Debe="0.00" Haber="0.00" SaldoFin="0.00" /><BCE:Ctas NumCta="603100090100" SaldoIni="0.00" Debe="0.00" Haber="0.00" SaldoFin="0.00" /><BCE:Ctas NumCta="603100090101" SaldoIni="0.00" Debe="0.00" Haber="0.00" SaldoFin="0.00" /><BCE:Ctas NumCta="603100090102" SaldoIni="0.00" Debe="0.00" Haber="0.00" SaldoFin="0.00" /><BCE:Ctas NumCta="603100090103" SaldoIni="0.00" Debe="0.00" Haber="0.00" SaldoFin="0.00" /><BCE:Ctas NumCta="603100090104" SaldoIni="0.00" Debe="0.00" Haber="0.00" SaldoFin="0.00" /><BCE:Ctas NumCta="603100090200" SaldoIni="0.00" Debe="0.00" Haber="0.00" SaldoFin="0.00" /><BCE:Ctas NumCta="603100090201" SaldoIni="0.00" Debe="0.00" Haber="0.00" SaldoFin="0.00" /><BCE:Ctas NumCta="603100090300" SaldoIni="0.00" Debe="0.00" Haber="0.00" SaldoFin="0.00" /><BCE:Ctas NumCta="603100090301" SaldoIni="0.00" Debe="0.00" Haber="0.00" SaldoFin="0.00" /><BCE:Ctas NumCta="603100090302" SaldoIni="0.00" Debe="0.00" Haber="0.00" SaldoFin="0.00" /><BCE:Ctas NumCta="603100090303" SaldoIni="0.00" Debe="0.00" Haber="0.00" SaldoFin="0.00" /><BCE:Ctas NumCta="603100090304" SaldoIni="0.00" Debe="0.00" Haber="0.00" SaldoFin="0.00" /><BCE:Ctas NumCta="603100090305" SaldoIni="0.00" Debe="0.00" Haber="0.00" SaldoFin="0.00" /><BCE:Ctas NumCta="603100090306" SaldoIni="0.00" Debe="0.00" Haber="0.00" SaldoFin="0.00" /><BCE:Ctas NumCta="603100090307" SaldoIni="0.00" Debe="0.00" Haber="0.00" SaldoFin="0.00" /><BCE:Ctas NumCta="603100090308" SaldoIni="0.00" Debe="0.00" Haber="0.00" SaldoFin="0.00" /><BCE:Ctas NumCta="603100090309" SaldoIni="0.00" Debe="0.00" Haber="0.00" SaldoFin="0.00" /><BCE:Ctas NumCta="603100090310" SaldoIni="0.00" Debe="0.00" Haber="0.00" SaldoFin="0.00" /><BCE:Ctas NumCta="603100090311" SaldoIni="0.00" Debe="0.00" Haber="0.00" SaldoFin="0.00" /><BCE:Ctas NumCta="603100095000" SaldoIni="0.00" Debe="0.00" Haber="0.00" SaldoFin="0.00" /><BCE:Ctas NumCta="603100096000" SaldoIni="0.00" Debe="0.00" Haber="0.00" SaldoFin="0.00" /><BCE:Ctas NumCta="607000000000" SaldoIni="0.00" Debe="0.00" Haber="0.00" SaldoFin="0.00" /><BCE:Ctas NumCta="607010000000" SaldoIni="0.00" Debe="0.00" Haber="0.00" SaldoFin="0.00" /><BCE:Ctas NumCta="611000000000" SaldoIni="0.00" Debe="0.00" Haber="0.00" SaldoFin="0.00" /><BCE:Ctas NumCta="611010000000" SaldoIni="0.00" Debe="0.00" Haber="0.00" SaldoFin="0.00" /><BCE:Ctas NumCta="611020000000" SaldoIni="0.00" Debe="0.00" Haber="0.00" SaldoFin="0.00" /><BCE:Ctas NumCta="612000000000" SaldoIni="0.00" Debe="0.00" Haber="0.00" SaldoFin="0.00" /><BCE:Ctas NumCta="612010000000" SaldoIni="0.00" Debe="0.00" Haber="0.00" SaldoFin="0.00" /><BCE:Ctas NumCta="613000000000" SaldoIni="0.00" Debe="0.00" Haber="0.00" SaldoFin="0.00" /><BCE:Ctas NumCta="613010000000" SaldoIni="0.00" Debe="0.00" Haber="0.00" SaldoFin="0.00" /><BCE:Ctas NumCta="613020000000" SaldoIni="0.00" Debe="0.00" Haber="0.00" SaldoFin="0.00" /><BCE:Ctas NumCta="613030000000" SaldoIni="0.00" Debe="0.00" Haber="0.00" SaldoFin="0.00" /><BCE:Ctas NumCta="613040000000" SaldoIni="0.00" Debe="0.00" Haber="0.00" SaldoFin="0.00" /><BCE:Ctas NumCta="613050000000" SaldoIni="0.00" Debe="0.00" Haber="0.00" SaldoFin="0.00" /><BCE:Ctas NumCta="700000000000" SaldoIni="0.00" Debe="0.00" Haber="0.00" SaldoFin="0.00" /><BCE:Ctas NumCta="701000000000" SaldoIni="0.00" Debe="0.00" Haber="0.00" SaldoFin="0.00" /><BCE:Ctas NumCta="701010000000" SaldoIni="0.00" Debe="0.00" Haber="0.00" SaldoFin="0.00" /><BCE:Ctas NumCta="701020000000" SaldoIni="0.00" Debe="0.00" Haber="0.00" SaldoFin="0.00" /><BCE:Ctas NumCta="701030000000" SaldoIni="0.00" Debe="0.00" Haber="0.00" SaldoFin="0.00" /><BCE:Ctas NumCta="701040000000" SaldoIni="0.00" Debe="0.00" Haber="0.00" SaldoFin="0.00" /><BCE:Ctas NumCta="701050000000" SaldoIni="0.00" Debe="0.00" Haber="0.00" SaldoFin="0.00" /><BCE:Ctas NumCta="702000000000" SaldoIni="0.00" Debe="0.00" Haber="0.00" SaldoFin="0.00" /><BCE:Ctas NumCta="702010000000" SaldoIni="0.00" Debe="0.00" Haber="0.00" SaldoFin="0.00" /><BCE:Ctas NumCta="702020000000" SaldoIni="0.00" Debe="0.00" Haber="0.00" SaldoFin="0.00" /><BCE:Ctas NumCta="702030000000" SaldoIni="0.00" Debe="0.00" Haber="0.00" SaldoFin="0.00" /><BCE:Ctas NumCta="702040000000" SaldoIni="0.00" Debe="0.00" Haber="0.00" SaldoFin="0.00" /><BCE:Ctas NumCta="702050000000" SaldoIni="0.00" Debe="0.00" Haber="0.00" SaldoFin="0.00" /><BCE:Ctas NumCta="703000000000" SaldoIni="0.00" Debe="0.00" Haber="0.00" SaldoFin="0.00" /><BCE:Ctas NumCta="703030000000" SaldoIni="0.00" Debe="0.00" Haber="0.00" SaldoFin="0.00" /><BCE:Ctas NumCta="703040000000" SaldoIni="0.00" Debe="0.00" Haber="0.00" SaldoFin="0.00" /><BCE:Ctas NumCta="703050000000" SaldoIni="0.00" Debe="0.00" Haber="0.00" SaldoFin="0.00" /><BCE:Ctas NumCta="703060000000" SaldoIni="0.00" Debe="0.00" Haber="0.00" SaldoFin="0.00" /><BCE:Ctas NumCta="703210000000" SaldoIni="0.00" Debe="0.00" Haber="0.00" SaldoFin="0.00" /><BCE:Ctas NumCta="704000000000" SaldoIni="0.00" Debe="0.00" Haber="0.00" SaldoFin="0.00" /><BCE:Ctas NumCta="704030000000" SaldoIni="0.00" Debe="0.00" Haber="0.00" SaldoFin="0.00" /><BCE:Ctas NumCta="704040000000" SaldoIni="0.00" Debe="0.00" Haber="0.00" SaldoFin="0.00" /><BCE:Ctas NumCta="704040010000" SaldoIni="0.00" Debe="0.00" Haber="0.00" SaldoFin="0.00" /><BCE:Ctas NumCta="704050000000" SaldoIni="0.00" Debe="0.00" Haber="0.00" SaldoFin="0.00" /><BCE:Ctas NumCta="704060000000" SaldoIni="0.00" Debe="0.00" Haber="0.00" SaldoFin="0.00" /><BCE:Ctas NumCta="704210000000" SaldoIni="0.00" Debe="0.00" Haber="0.00" SaldoFin="0.00" /><BCE:Ctas NumCta="704220000000" SaldoIni="0.00" Debe="0.00" Haber="0.00" SaldoFin="0.00" /><BCE:Ctas NumCta="704230000000" SaldoIni="0.00" Debe="0.00" Haber="0.00" SaldoFin="0.00" /><BCE:Ctas NumCta="800000000000" SaldoIni="0.00" Debe="0.00" Haber="0.00" SaldoFin="0.00" /><BCE:Ctas NumCta="814000000000" SaldoIni="0.00" Debe="0.00" Haber="0.00" SaldoFin="0.00" /><BCE:Ctas NumCta="814010000000" SaldoIni="0.00" Debe="0.00" Haber="0.00" SaldoFin="0.00" /><BCE:Ctas NumCta="814020000000" SaldoIni="0.00" Debe="0.00" Haber="0.00" SaldoFin="0.00" /><BCE:Ctas NumCta="899000000000" SaldoIni="0.00" Debe="0.00" Haber="0.00" SaldoFin="0.00" /><BCE:Ctas NumCta="899010000000" SaldoIni="0.00" Debe="0.00" Haber="0.00" SaldoFin="0.00" /><BCE:Ctas NumCta="899020000000" SaldoIni="0.00" Debe="0.00" Haber="0.00" SaldoFin="0.00" /></BCE:Balanza>