<?xml version="1.0" encoding="UTF-8"?><BCE:Balanza xsi:schemaLocation="http://www.sat.gob.mx/esquemas/ContabilidadE/1_3/BalanzaComprobacion http://www.sat.gob.mx/esquemas/ContabilidadE/1_3/BalanzaComprobacion/BalanzaComprobacion_1_3.xsd" xmlns:xsi="http://www.w3.org/2001/XMLSchema-instance" xmlns:BCE="http://www.sat.gob.mx/esquemas/ContabilidadE/1_3/BalanzaComprobacion" Version="1.3" RFC="AAA010101AAA" Mes="01" Anio="2021" TipoEnvio="N" > <BCE:Ctas NumCta="100000000000" SaldoIni="-6113866.90" Debe="0.00" Haber="0.00" SaldoFin="-6113866.90" /><BCE:Ctas NumCta="100010000000" SaldoIni="0.00" Debe="0.00" Haber="0.00" SaldoFin="0.00" /><BCE:Ctas NumCta="100020000000" SaldoIni="0.00" Debe="0.00" Haber="0.00" SaldoFin="0.00" /><BCE:Ctas NumCta="101000000000" SaldoIni="110922.97" Debe="17075289.46" Haber="16815471.85" SaldoFin="370740.58" /><BCE:Ctas NumCta="101010000000" SaldoIni="56105.14" Debe="8093837.29" Haber="8113760.79" SaldoFin="36181.64" /><BCE:Ctas NumCta="101010100000" SaldoIni="15000.00" Debe="0.00" Haber="0.00" SaldoFin="15000.00" /><BCE:Ctas NumCta="101010200000" SaldoIni="38809.98" Debe="8006426.41" Haber="8027039.85" SaldoFin="18196.54" /><BCE:Ctas NumCta="101010300000" SaldoIni="2083.60" Debe="1825.94" Haber="1136.00" SaldoFin="2773.54" /><BCE:Ctas NumCta="101010400000" SaldoIni="0.00" Debe="72760.76" Haber="72760.76" SaldoFin="0.00" /><BCE:Ctas NumCta="101010500000" SaldoIni="0.00" Debe="12824.18" Haber="12824.18" SaldoFin="0.00" /><BCE:Ctas NumCta="101010600000" SaldoIni="0.00" Debe="0.00" Haber="0.00" SaldoFin="0.00" /><BCE:Ctas NumCta="101010700000" SaldoIni="0.00" Debe="0.00" Haber="0.00" SaldoFin="0.00" /><BCE:Ctas NumCta="101010800000" SaldoIni="211.56" Debe="0.00" Haber="0.00" SaldoFin="211.56" /><BCE:Ctas NumCta="101020000000" SaldoIni="19847.06" Debe="2010186.70" Haber="1934414.19" SaldoFin="95619.57" /><BCE:Ctas NumCta="101020100000" SaldoIni="5000.00" Debe="0.00" Haber="0.00" SaldoFin="5000.00" /><BCE:Ctas NumCta="101020200000" SaldoIni="12588.29" Debe="1928886.48" Haber="1853113.97" SaldoFin="88360.80" /><BCE:Ctas NumCta="101020300000" SaldoIni="2258.77" Debe="0.00" Haber="0.00" SaldoFin="2258.77" /><BCE:Ctas NumCta="101020400000" SaldoIni="0.00" Debe="0.00" Haber="0.00" SaldoFin="0.00" /><BCE:Ctas NumCta="101020500000" SaldoIni="0.00" Debe="30260.22" Haber="30260.22" SaldoFin="-0.00" /><BCE:Ctas NumCta="101020600000" SaldoIni="0.00" Debe="51040.00" Haber="51040.00" SaldoFin="0.00" /><BCE:Ctas NumCta="101030000000" SaldoIni="11052.64" Debe="4531671.36" Haber="4348196.56" SaldoFin="194527.44" /><BCE:Ctas NumCta="101030100000" SaldoIni="4500.00" Debe="0.00" Haber="0.00" SaldoFin="4500.00" /><BCE:Ctas NumCta="101030200000" SaldoIni="6131.34" Debe="4531671.36" Haber="4347840.56" SaldoFin="189962.14" /><BCE:Ctas NumCta="101030300000" SaldoIni="421.30" Debe="0.00" Haber="356.00" SaldoFin="65.30" /><BCE:Ctas NumCta="101030400000" SaldoIni="0.00" Debe="0.00" Haber="0.00" SaldoFin="0.00" /><BCE:Ctas NumCta="101030500000" SaldoIni="0.00" Debe="0.00" Haber="0.00" SaldoFin="0.00" /><BCE:Ctas NumCta="101030600000" SaldoIni="0.00" Debe="0.00" Haber="0.00" SaldoFin="0.00" /><BCE:Ctas NumCta="101040000000" SaldoIni="9072.66" Debe="2063730.72" Haber="2062657.54" SaldoFin="10145.84" /><BCE:Ctas NumCta="101040100000" SaldoIni="3500.00" Debe="0.00" Haber="0.00" SaldoFin="3500.00" /><BCE:Ctas NumCta="101040200000" SaldoIni="5438.01" Debe="2059730.72" Haber="2058657.54" SaldoFin="6511.19" /><BCE:Ctas NumCta="101040300000" SaldoIni="134.65" Debe="0.00" Haber="0.00" SaldoFin="134.65" /><BCE:Ctas NumCta="101040400000" SaldoIni="0.00" Debe="4000.00" Haber="4000.00" SaldoFin="0.00" /><BCE:Ctas NumCta="101040500000" SaldoIni="0.00" Debe="0.00" Haber="0.00" SaldoFin="0.00" /><BCE:Ctas NumCta="101040600000" SaldoIni="0.00" Debe="0.00" Haber="0.00" SaldoFin="0.00" /><BCE:Ctas NumCta="101050000000" SaldoIni="14845.47" Debe="373623.78" Haber="354203.16" SaldoFin="34266.09" /><BCE:Ctas NumCta="101050100000" SaldoIni="4500.00" Debe="0.00" Haber="0.00" SaldoFin="4500.00" /><BCE:Ctas NumCta="101050200000" SaldoIni="2845.53" Debe="314614.80" Haber="295194.18" SaldoFin="22266.15" /><BCE:Ctas NumCta="101050300000" SaldoIni="7499.94" Debe="0.00" Haber="0.00" SaldoFin="7499.94" /><BCE:Ctas NumCta="101050400000" SaldoIni="0.00" Debe="59008.98" Haber="59008.98" SaldoFin="-0.00" /><BCE:Ctas NumCta="101050500000" SaldoIni="0.00" Debe="0.00" Haber="0.00" SaldoFin="0.00" /><BCE:Ctas NumCta="101050600000" SaldoIni="0.00" Debe="0.00" Haber="0.00" SaldoFin="0.00" /><BCE:Ctas NumCta="101060000000" SaldoIni="-0.01" Debe="0.00" Haber="0.00" SaldoFin="-0.01" /><BCE:Ctas NumCta="101060200000" SaldoIni="-0.01" Debe="0.00" Haber="0.00" SaldoFin="-0.01" /><BCE:Ctas NumCta="101060300000" SaldoIni="0.00" Debe="0.00" Haber="0.00" SaldoFin="0.00" /><BCE:Ctas NumCta="101060400000" SaldoIni="0.00" Debe="0.00" Haber="0.00" SaldoFin="0.00" /><BCE:Ctas NumCta="101070000000" SaldoIni="0.00" Debe="2239.61" Haber="2239.61" SaldoFin="0.00" /><BCE:Ctas NumCta="101070200000" SaldoIni="0.00" Debe="2239.61" Haber="2239.61" SaldoFin="0.00" /><BCE:Ctas NumCta="101070300000" SaldoIni="0.00" Debe="0.00" Haber="0.00" SaldoFin="0.00" /><BCE:Ctas NumCta="101070400000" SaldoIni="0.00" Debe="0.00" Haber="0.00" SaldoFin="0.00" /><BCE:Ctas NumCta="102000000000" SaldoIni="867993.91" Debe="48647194.39" Haber="49084192.15" SaldoFin="430996.15" /><BCE:Ctas NumCta="102010000000" SaldoIni="22777.34" Debe="3947877.11" Haber="3954377.43" SaldoFin="16277.02" /><BCE:Ctas NumCta="102020000000" SaldoIni="667071.32" Debe="28666079.19" Haber="29128069.91" SaldoFin="205080.60" /><BCE:Ctas NumCta="102030000000" SaldoIni="14524.62" Debe="2387704.04" Haber="2401693.66" SaldoFin="535.00" /><BCE:Ctas NumCta="102040000000" SaldoIni="0.01" Debe="332083.28" Haber="332002.47" SaldoFin="80.82" /><BCE:Ctas NumCta="102050000000" SaldoIni="797.39" Debe="440859.54" Haber="438462.84" SaldoFin="3194.09" /><BCE:Ctas NumCta="102060000000" SaldoIni="268.38" Debe="944859.06" Haber="944493.00" SaldoFin="634.44" /><BCE:Ctas NumCta="102070000000" SaldoIni="10000.00" Debe="0.00" Haber="0.00" SaldoFin="10000.00" /><BCE:Ctas NumCta="102080000000" SaldoIni="133334.75" Debe="1662759.48" Haber="1591120.15" SaldoFin="204974.08" /><BCE:Ctas NumCta="102090000000" SaldoIni="19220.10" Debe="0.00" Haber="0.00" SaldoFin="19220.10" /><BCE:Ctas NumCta="102100000000" SaldoIni="0.00" Debe="0.00" Haber="0.00" SaldoFin="0.00" /><BCE:Ctas NumCta="102110000000" SaldoIni="0.00" Debe="0.00" Haber="0.00" SaldoFin="0.00" /><BCE:Ctas NumCta="102120000000" SaldoIni="0.00" Debe="689.94" Haber="689.94" SaldoFin="0.00" /><BCE:Ctas NumCta="102130000000" SaldoIni="0.00" Debe="0.00" Haber="0.00" SaldoFin="0.00" /><BCE:Ctas NumCta="102200000000" SaldoIni="0.00" Debe="10264282.75" Haber="10293282.75" SaldoFin="-29000.00" /><BCE:Ctas NumCta="105000000000" SaldoIni="40384805.15" Debe="21951342.74" Haber="24670591.39" SaldoFin="37665556.50" /><BCE:Ctas NumCta="105010000000" SaldoIni="24270172.94" Debe="6111037.97" Haber="9572764.74" SaldoFin="20808446.17" /><BCE:Ctas NumCta="105010100000" SaldoIni="47000.00" Debe="0.00" Haber="0.00" SaldoFin="47000.00" /><BCE:Ctas NumCta="105010200000" SaldoIni="16991808.86" Debe="4404550.00" Haber="7569906.73" SaldoFin="13826452.13" /><BCE:Ctas NumCta="105010300000" SaldoIni="2013466.00" Debe="1156602.59" Haber="1189640.11" SaldoFin="1980428.48" /><BCE:Ctas NumCta="105010400000" SaldoIni="570274.17" Debe="80939.64" Haber="11911.50" SaldoFin="639302.31" /><BCE:Ctas NumCta="105010500000" SaldoIni="571906.89" Debe="426407.77" Haber="438131.70" SaldoFin="560182.96" /><BCE:Ctas NumCta="105010600000" SaldoIni="0.00" Debe="0.00" Haber="0.00" SaldoFin="0.00" /><BCE:Ctas NumCta="105010700000" SaldoIni="1787404.94" Debe="0.00" Haber="0.00" SaldoFin="1787404.94" /><BCE:Ctas NumCta="105010800000" SaldoIni="0.00" Debe="0.00" Haber="0.00" SaldoFin="0.00" /><BCE:Ctas NumCta="105010900000" SaldoIni="356000.00" Debe="0.00" Haber="0.00" SaldoFin="356000.00" /><BCE:Ctas NumCta="105011000000" SaldoIni="1882312.09" Debe="42537.97" Haber="363174.70" SaldoFin="1561675.36" /><BCE:Ctas NumCta="105011100000" SaldoIni="50000.00" Debe="0.00" Haber="0.00" SaldoFin="50000.00" /><BCE:Ctas NumCta="105011200000" SaldoIni="0.00" Debe="0.00" Haber="0.00" SaldoFin="0.00" /><BCE:Ctas NumCta="105020000000" SaldoIni="3647374.32" Debe="2074211.42" Haber="2992215.62" SaldoFin="2729370.12" /><BCE:Ctas NumCta="105020100000" SaldoIni="-0.00" Debe="0.00" Haber="0.00" SaldoFin="-0.00" /><BCE:Ctas NumCta="105020200000" SaldoIni="2809727.09" Debe="912528.00" Haber="1784250.07" SaldoFin="1938005.02" /><BCE:Ctas NumCta="105020300000" SaldoIni="765727.14" Debe="834776.04" Haber="852290.43" SaldoFin="748212.75" /><BCE:Ctas NumCta="105020400000" SaldoIni="0.00" Debe="20212.50" Haber="20212.50" SaldoFin="0.00" /><BCE:Ctas NumCta="105020500000" SaldoIni="71920.09" Debe="306097.23" Haber="334864.97" SaldoFin="43152.35" /><BCE:Ctas NumCta="105020600000" SaldoIni="0.00" Debe="0.00" Haber="0.00" SaldoFin="0.00" /><BCE:Ctas NumCta="105020700000" SaldoIni="0.00" Debe="0.00" Haber="0.00" SaldoFin="0.00" /><BCE:Ctas NumCta="105020800000" SaldoIni="0.00" Debe="0.00" Haber="0.00" SaldoFin="0.00" /><BCE:Ctas NumCta="105020900000" SaldoIni="0.00" Debe="0.00" Haber="0.00" SaldoFin="0.00" /><BCE:Ctas NumCta="105021000000" SaldoIni="0.00" Debe="597.65" Haber="597.65" SaldoFin="-0.00" /><BCE:Ctas NumCta="105021100000" SaldoIni="0.00" Debe="0.00" Haber="0.00" SaldoFin="0.00" /><BCE:Ctas NumCta="105021200000" SaldoIni="0.00" Debe="0.00" Haber="0.00" SaldoFin="0.00" /><BCE:Ctas NumCta="105030000000" SaldoIni="5404002.60" Debe="7034052.96" Haber="7236328.35" SaldoFin="5201727.20" /><BCE:Ctas NumCta="105030100000" SaldoIni="0.00" Debe="0.00" Haber="0.00" SaldoFin="0.00" /><BCE:Ctas NumCta="105030200000" SaldoIni="4732919.82" Debe="6129550.00" Haber="6298852.64" SaldoFin="4563617.18" /><BCE:Ctas NumCta="105030300000" SaldoIni="495794.23" Debe="639686.45" Haber="741360.23" SaldoFin="394120.45" /><BCE:Ctas NumCta="105030400000" SaldoIni="8657.83" Debe="6000.00" Haber="14657.83" SaldoFin="-0.00" /><BCE:Ctas NumCta="105030500000" SaldoIni="163468.22" Debe="210457.68" Haber="180398.82" SaldoFin="193527.08" /><BCE:Ctas NumCta="105030600000" SaldoIni="3162.50" Debe="0.00" Haber="0.00" SaldoFin="3162.50" /><BCE:Ctas NumCta="105030700000" SaldoIni="0.00" Debe="0.00" Haber="0.00" SaldoFin="0.00" /><BCE:Ctas NumCta="105030800000" SaldoIni="0.00" Debe="0.00" Haber="0.00" SaldoFin="0.00" /><BCE:Ctas NumCta="105030900000" SaldoIni="0.00" Debe="0.00" Haber="0.00" SaldoFin="0.00" /><BCE:Ctas NumCta="105031000000" SaldoIni="0.00" Debe="48358.83" Haber="1058.83" SaldoFin="47300.00" /><BCE:Ctas NumCta="105031100000" SaldoIni="0.00" Debe="0.00" Haber="0.00" SaldoFin="0.00" /><BCE:Ctas NumCta="105031200000" SaldoIni="0.00" Debe="0.00" Haber="0.00" SaldoFin="0.00" /><BCE:Ctas NumCta="105040000000" SaldoIni="6712451.45" Debe="6362829.38" Haber="4218424.07" SaldoFin="8856856.76" /><BCE:Ctas NumCta="105040100000" SaldoIni="0.00" Debe="0.00" Haber="0.00" SaldoFin="0.00" /><BCE:Ctas NumCta="105040200000" SaldoIni="6465799.87" Debe="6020470.00" Haber="3940347.06" SaldoFin="8545922.81" /><BCE:Ctas NumCta="105040300000" SaldoIni="85352.08" Debe="120875.80" Haber="174127.53" SaldoFin="32100.35" /><BCE:Ctas NumCta="105040400000" SaldoIni="6700.00" Debe="3550.00" Haber="6700.00" SaldoFin="3550.00" /><BCE:Ctas NumCta="105040500000" SaldoIni="154599.50" Debe="180245.34" Haber="59561.24" SaldoFin="275283.60" /><BCE:Ctas NumCta="105040600000" SaldoIni="0.00" Debe="0.00" Haber="0.00" SaldoFin="0.00" /><BCE:Ctas NumCta="105040700000" SaldoIni="0.00" Debe="0.00" Haber="0.00" SaldoFin="0.00" /><BCE:Ctas NumCta="105040800000" SaldoIni="0.00" Debe="0.00" Haber="0.00" SaldoFin="0.00" /><BCE:Ctas NumCta="105040900000" SaldoIni="0.00" Debe="4888.24" Haber="4888.24" SaldoFin="-0.00" /><BCE:Ctas NumCta="105041000000" SaldoIni="0.00" Debe="32800.00" Haber="32800.00" SaldoFin="0.00" /><BCE:Ctas NumCta="105041100000" SaldoIni="0.00" Debe="0.00" Haber="0.00" SaldoFin="0.00" /><BCE:Ctas NumCta="105041200000" SaldoIni="0.00" Debe="0.00" Haber="0.00" SaldoFin="0.00" /><BCE:Ctas NumCta="105050000000" SaldoIni="300163.54" Debe="369211.01" Haber="634249.09" SaldoFin="35125.46" /><BCE:Ctas NumCta="105050100000" SaldoIni="0.00" Debe="0.00" Haber="0.00" SaldoFin="0.00" /><BCE:Ctas NumCta="105050200000" SaldoIni="0.00" Debe="0.00" Haber="0.00" SaldoFin="0.00" /><BCE:Ctas NumCta="105050300000" SaldoIni="0.00" Debe="316684.57" Haber="316645.42" SaldoFin="39.15" /><BCE:Ctas NumCta="105050400000" SaldoIni="0.00" Debe="0.00" Haber="0.00" SaldoFin="0.00" /><BCE:Ctas NumCta="105050500000" SaldoIni="300163.54" Debe="52526.44" Haber="317603.67" SaldoFin="35086.31" /><BCE:Ctas NumCta="105050600000" SaldoIni="0.00" Debe="0.00" Haber="0.00" SaldoFin="0.00" /><BCE:Ctas NumCta="105050700000" SaldoIni="0.00" Debe="0.00" Haber="0.00" SaldoFin="0.00" /><BCE:Ctas NumCta="105050800000" SaldoIni="0.00" Debe="0.00" Haber="0.00" SaldoFin="0.00" /><BCE:Ctas NumCta="105050900000" SaldoIni="0.00" Debe="0.00" Haber="0.00" SaldoFin="0.00" /><BCE:Ctas NumCta="105051000000" SaldoIni="-0.00" Debe="0.00" Haber="0.00" SaldoFin="-0.00" /><BCE:Ctas NumCta="105051100000" SaldoIni="0.00" Debe="0.00" Haber="0.00" SaldoFin="0.00" /><BCE:Ctas NumCta="105051200000" SaldoIni="0.00" Debe="0.00" Haber="0.00" SaldoFin="0.00" /><BCE:Ctas NumCta="105060000000" SaldoIni="2126.36" Debe="0.00" Haber="0.00" SaldoFin="2126.36" /><BCE:Ctas NumCta="105060100000" SaldoIni="0.00" Debe="0.00" Haber="0.00" SaldoFin="0.00" /><BCE:Ctas NumCta="105060200000" SaldoIni="0.00" Debe="0.00" Haber="0.00" SaldoFin="0.00" /><BCE:Ctas NumCta="105060300000" SaldoIni="2126.36" Debe="0.00" Haber="0.00" SaldoFin="2126.36" /><BCE:Ctas NumCta="105060400000" SaldoIni="0.00" Debe="0.00" Haber="0.00" SaldoFin="0.00" /><BCE:Ctas NumCta="105060500000" SaldoIni="0.00" Debe="0.00" Haber="0.00" SaldoFin="0.00" /><BCE:Ctas NumCta="105060600000" SaldoIni="0.00" Debe="0.00" Haber="0.00" SaldoFin="0.00" /><BCE:Ctas NumCta="105060700000" SaldoIni="0.00" Debe="0.00" Haber="0.00" SaldoFin="0.00" /><BCE:Ctas NumCta="105060800000" SaldoIni="0.00" Debe="0.00" Haber="0.00" SaldoFin="0.00" /><BCE:Ctas NumCta="105060900000" SaldoIni="0.00" Debe="0.00" Haber="0.00" SaldoFin="0.00" /><BCE:Ctas NumCta="105061000000" SaldoIni="0.00" Debe="0.00" Haber="0.00" SaldoFin="0.00" /><BCE:Ctas NumCta="105061100000" SaldoIni="0.00" Debe="0.00" Haber="0.00" SaldoFin="0.00" /><BCE:Ctas NumCta="105061200000" SaldoIni="0.00" Debe="0.00" Haber="0.00" SaldoFin="0.00" /><BCE:Ctas NumCta="105070000000" SaldoIni="48513.95" Debe="0.00" Haber="16609.52" SaldoFin="31904.43" /><BCE:Ctas NumCta="105070100000" SaldoIni="0.00" Debe="0.00" Haber="0.00" SaldoFin="0.00" /><BCE:Ctas NumCta="105070200000" SaldoIni="0.00" Debe="0.00" Haber="0.00" SaldoFin="0.00" /><BCE:Ctas NumCta="105070300000" SaldoIni="34413.95" Debe="0.00" Haber="16609.52" SaldoFin="17804.43" /><BCE:Ctas NumCta="105070400000" SaldoIni="14100.00" Debe="0.00" Haber="0.00" SaldoFin="14100.00" /><BCE:Ctas NumCta="105070500000" SaldoIni="0.00" Debe="0.00" Haber="0.00" SaldoFin="0.00" /><BCE:Ctas NumCta="105070600000" SaldoIni="0.00" Debe="0.00" Haber="0.00" SaldoFin="0.00" /><BCE:Ctas NumCta="105070700000" SaldoIni="0.00" Debe="0.00" Haber="0.00" SaldoFin="0.00" /><BCE:Ctas NumCta="105070800000" SaldoIni="0.00" Debe="0.00" Haber="0.00" SaldoFin="0.00" /><BCE:Ctas NumCta="105070900000" SaldoIni="0.00" Debe="0.00" Haber="0.00" SaldoFin="0.00" /><BCE:Ctas NumCta="105071000000" SaldoIni="0.00" Debe="0.00" Haber="0.00" SaldoFin="0.00" /><BCE:Ctas NumCta="105071100000" SaldoIni="0.00" Debe="0.00" Haber="0.00" SaldoFin="0.00" /><BCE:Ctas NumCta="105071200000" SaldoIni="0.00" Debe="0.00" Haber="0.00" SaldoFin="0.00" /><BCE:Ctas NumCta="107000000000" SaldoIni="81870.65" Debe="593782.26" Haber="538740.75" SaldoFin="136912.16" /><BCE:Ctas NumCta="107010000000" SaldoIni="77694.56" Debe="592160.86" Haber="537119.35" SaldoFin="132736.07" /><BCE:Ctas NumCta="107010100000" SaldoIni="10572.09" Debe="20119.00" Haber="12119.35" SaldoFin="18571.74" /><BCE:Ctas NumCta="107010200000" SaldoIni="12220.74" Debe="1348.00" Haber="0.00" SaldoFin="13568.74" /><BCE:Ctas NumCta="107010300000" SaldoIni="54901.73" Debe="570693.86" Haber="525000.00" SaldoFin="100595.59" /><BCE:Ctas NumCta="107020000000" SaldoIni="502.08" Debe="1030.60" Haber="1030.60" SaldoFin="502.08" /><BCE:Ctas NumCta="107020100000" SaldoIni="502.08" Debe="1030.60" Haber="1030.60" SaldoFin="502.08" /><BCE:Ctas NumCta="107020300000" SaldoIni="0.00" Debe="0.00" Haber="0.00" SaldoFin="0.00" /><BCE:Ctas NumCta="107030000000" SaldoIni="723.78" Debe="539.20" Haber="539.20" SaldoFin="723.78" /><BCE:Ctas NumCta="107030100000" SaldoIni="723.78" Debe="539.20" Haber="539.20" SaldoFin="723.78" /><BCE:Ctas NumCta="107030300000" SaldoIni="0.00" Debe="0.00" Haber="0.00" SaldoFin="0.00" /><BCE:Ctas NumCta="107040000000" SaldoIni="2500.00" Debe="51.60" Haber="51.60" SaldoFin="2500.00" /><BCE:Ctas NumCta="107040100000" SaldoIni="2500.00" Debe="51.60" Haber="51.60" SaldoFin="2500.00" /><BCE:Ctas NumCta="107040300000" SaldoIni="0.00" Debe="0.00" Haber="0.00" SaldoFin="0.00" /><BCE:Ctas NumCta="107050000000" SaldoIni="450.23" Debe="0.00" Haber="0.00" SaldoFin="450.23" /><BCE:Ctas NumCta="107050100000" SaldoIni="450.23" Debe="0.00" Haber="0.00" SaldoFin="450.23" /><BCE:Ctas NumCta="107050300000" SaldoIni="0.00" Debe="0.00" Haber="0.00" SaldoFin="0.00" /><BCE:Ctas NumCta="108000000000" SaldoIni="-1285547.00" Debe="0.00" Haber="0.00" SaldoFin="-1285547.00" /><BCE:Ctas NumCta="108010000000" SaldoIni="-1285547.00" Debe="0.00" Haber="0.00" SaldoFin="-1285547.00" /><BCE:Ctas NumCta="108010100000" SaldoIni="-1285547.00" Debe="0.00" Haber="0.00" SaldoFin="-1285547.00" /><BCE:Ctas NumCta="108020000000" SaldoIni="0.00" Debe="0.00" Haber="0.00" SaldoFin="0.00" /><BCE:Ctas NumCta="108020100000" SaldoIni="0.00" Debe="0.00" Haber="0.00" SaldoFin="0.00" /><BCE:Ctas NumCta="108030000000" SaldoIni="0.00" Debe="0.00" Haber="0.00" SaldoFin="0.00" /><BCE:Ctas NumCta="108030100000" SaldoIni="0.00" Debe="0.00" Haber="0.00" SaldoFin="0.00" /><BCE:Ctas NumCta="108040000000" SaldoIni="0.00" Debe="0.00" Haber="0.00" SaldoFin="0.00" /><BCE:Ctas NumCta="108040100000" SaldoIni="0.00" Debe="0.00" Haber="0.00" SaldoFin="0.00" /><BCE:Ctas NumCta="108050000000" SaldoIni="0.00" Debe="0.00" Haber="0.00" SaldoFin="0.00" /><BCE:Ctas NumCta="108050100000" SaldoIni="0.00" Debe="0.00" Haber="0.00" SaldoFin="0.00" /><BCE:Ctas NumCta="109000000000" SaldoIni="0.00" Debe="0.00" Haber="0.00" SaldoFin="0.00" /><BCE:Ctas NumCta="109010000000" SaldoIni="0.00" Debe="0.00" Haber="0.00" SaldoFin="0.00" /><BCE:Ctas NumCta="109010100000" SaldoIni="0.00" Debe="0.00" Haber="0.00" SaldoFin="0.00" /><BCE:Ctas NumCta="109010500000" SaldoIni="0.00" Debe="0.00" Haber="0.00" SaldoFin="0.00" /><BCE:Ctas NumCta="109010900000" SaldoIni="0.00" Debe="0.00" Haber="0.00" SaldoFin="0.00" /><BCE:Ctas NumCta="109011300000" SaldoIni="0.00" Debe="0.00" Haber="0.00" SaldoFin="0.00" /><BCE:Ctas NumCta="109011700000" SaldoIni="0.00" Debe="0.00" Haber="0.00" SaldoFin="0.00" /><BCE:Ctas NumCta="109012300000" SaldoIni="0.00" Debe="0.00" Haber="0.00" SaldoFin="0.00" /><BCE:Ctas NumCta="109020000000" SaldoIni="0.00" Debe="0.00" Haber="0.00" SaldoFin="0.00" /><BCE:Ctas NumCta="109020100000" SaldoIni="0.00" Debe="0.00" Haber="0.00" SaldoFin="0.00" /><BCE:Ctas NumCta="109020500000" SaldoIni="0.00" Debe="0.00" Haber="0.00" SaldoFin="0.00" /><BCE:Ctas NumCta="109020900000" SaldoIni="0.00" Debe="0.00" Haber="0.00" SaldoFin="0.00" /><BCE:Ctas NumCta="109021300000" SaldoIni="0.00" Debe="0.00" Haber="0.00" SaldoFin="0.00" /><BCE:Ctas NumCta="109021700000" SaldoIni="0.00" Debe="0.00" Haber="0.00" SaldoFin="0.00" /><BCE:Ctas NumCta="109022300000" SaldoIni="0.00" Debe="0.00" Haber="0.00" SaldoFin="0.00" /><BCE:Ctas NumCta="109030000000" SaldoIni="0.00" Debe="0.00" Haber="0.00" SaldoFin="0.00" /><BCE:Ctas NumCta="109030100000" SaldoIni="0.00" Debe="0.00" Haber="0.00" SaldoFin="0.00" /><BCE:Ctas NumCta="109030500000" SaldoIni="0.00" Debe="0.00" Haber="0.00" SaldoFin="0.00" /><BCE:Ctas NumCta="109030900000" SaldoIni="0.00" Debe="0.00" Haber="0.00" SaldoFin="0.00" /><BCE:Ctas NumCta="109031300000" SaldoIni="0.00" Debe="0.00" Haber="0.00" SaldoFin="0.00" /><BCE:Ctas NumCta="109031700000" SaldoIni="0.00" Debe="0.00" Haber="0.00" SaldoFin="0.00" /><BCE:Ctas NumCta="109032300000" SaldoIni="0.00" Debe="0.00" Haber="0.00" SaldoFin="0.00" /><BCE:Ctas NumCta="109040000000" SaldoIni="0.00" Debe="0.00" Haber="0.00" SaldoFin="0.00" /><BCE:Ctas NumCta="109040100000" SaldoIni="0.00" Debe="0.00" Haber="0.00" SaldoFin="0.00" /><BCE:Ctas NumCta="109040500000" SaldoIni="0.00" Debe="0.00" Haber="0.00" SaldoFin="0.00" /><BCE:Ctas NumCta="109040900000" SaldoIni="0.00" Debe="0.00" Haber="0.00" SaldoFin="0.00" /><BCE:Ctas NumCta="109041300000" SaldoIni="0.00" Debe="0.00" Haber="0.00" SaldoFin="0.00" /><BCE:Ctas NumCta="109041700000" SaldoIni="0.00" Debe="0.00" Haber="0.00" SaldoFin="0.00" /><BCE:Ctas NumCta="109042300000" SaldoIni="0.00" Debe="0.00" Haber="0.00" SaldoFin="0.00" /><BCE:Ctas NumCta="109050000000" SaldoIni="0.00" Debe="0.00" Haber="0.00" SaldoFin="0.00" /><BCE:Ctas NumCta="109050100000" SaldoIni="0.00" Debe="0.00" Haber="0.00" SaldoFin="0.00" /><BCE:Ctas NumCta="109050500000" SaldoIni="0.00" Debe="0.00" Haber="0.00" SaldoFin="0.00" /><BCE:Ctas NumCta="109050900000" SaldoIni="0.00" Debe="0.00" Haber="0.00" SaldoFin="0.00" /><BCE:Ctas NumCta="109051300000" SaldoIni="0.00" Debe="0.00" Haber="0.00" SaldoFin="0.00" /><BCE:Ctas NumCta="109051700000" SaldoIni="0.00" Debe="0.00" Haber="0.00" SaldoFin="0.00" /><BCE:Ctas NumCta="109052300000" SaldoIni="0.00" Debe="0.00" Haber="0.00" SaldoFin="0.00" /><BCE:Ctas NumCta="110000000000" SaldoIni="15146.45" Debe="89.26" Haber="0.00" SaldoFin="15235.71" /><BCE:Ctas NumCta="110010000000" SaldoIni="15146.45" Debe="89.26" Haber="0.00" SaldoFin="15235.71" /><BCE:Ctas NumCta="111000000000" SaldoIni="137.81" Debe="0.00" Haber="0.00" SaldoFin="137.81" /><BCE:Ctas NumCta="111010000000" SaldoIni="137.81" Debe="0.00" Haber="0.00" SaldoFin="137.81" /><BCE:Ctas NumCta="113000000000" SaldoIni="8093014.83" Debe="541041.03" Haber="0.00" SaldoFin="8634055.86" /><BCE:Ctas NumCta="113010000000" SaldoIni="7182233.28" Debe="541041.03" Haber="0.00" SaldoFin="7723274.31" /><BCE:Ctas NumCta="113020000000" SaldoIni="836929.97" Debe="0.00" Haber="0.00" SaldoFin="836929.97" /><BCE:Ctas NumCta="113020100000" SaldoIni="-56743.03" Debe="0.00" Haber="0.00" SaldoFin="-56743.03" /><BCE:Ctas NumCta="113020200000" SaldoIni="893673.00" Debe="0.00" Haber="0.00" SaldoFin="893673.00" /><BCE:Ctas NumCta="113060000000" SaldoIni="0.00" Debe="0.00" Haber="0.00" SaldoFin="0.00" /><BCE:Ctas NumCta="113070000000" SaldoIni="1389.00" Debe="0.00" Haber="0.00" SaldoFin="1389.00" /><BCE:Ctas NumCta="113070100000" SaldoIni="1389.00" Debe="0.00" Haber="0.00" SaldoFin="1389.00" /><BCE:Ctas NumCta="113070200000" SaldoIni="0.00" Debe="0.00" Haber="0.00" SaldoFin="0.00" /><BCE:Ctas NumCta="113080000000" SaldoIni="0.00" Debe="0.00" Haber="0.00" SaldoFin="0.00" /><BCE:Ctas NumCta="113090000000" SaldoIni="72462.58" Debe="0.00" Haber="0.00" SaldoFin="72462.58" /><BCE:Ctas NumCta="113090100000" SaldoIni="12.77" Debe="0.00" Haber="0.00" SaldoFin="12.77" /><BCE:Ctas NumCta="113090200000" SaldoIni="111.59" Debe="0.00" Haber="0.00" SaldoFin="111.59" /><BCE:Ctas NumCta="113090300000" SaldoIni="11.60" Debe="0.00" Haber="0.00" SaldoFin="11.60" /><BCE:Ctas NumCta="113090400000" SaldoIni="102.82" Debe="0.00" Haber="0.00" SaldoFin="102.82" /><BCE:Ctas NumCta="113090500000" SaldoIni="2488.88" Debe="0.00" Haber="0.00" SaldoFin="2488.88" /><BCE:Ctas NumCta="113090600000" SaldoIni="1213.90" Debe="0.00" Haber="0.00" SaldoFin="1213.90" /><BCE:Ctas NumCta="113090700000" SaldoIni="1306.20" Debe="0.00" Haber="0.00" SaldoFin="1306.20" /><BCE:Ctas NumCta="113090800000" SaldoIni="678.98" Debe="0.00" Haber="0.00" SaldoFin="678.98" /><BCE:Ctas NumCta="113090900000" SaldoIni="162.32" Debe="0.00" Haber="0.00" SaldoFin="162.32" /><BCE:Ctas NumCta="113091000000" SaldoIni="13.02" Debe="0.00" Haber="0.00" SaldoFin="13.02" /><BCE:Ctas NumCta="113091100000" SaldoIni="25616.87" Debe="0.00" Haber="0.00" SaldoFin="25616.87" /><BCE:Ctas NumCta="113091200000" SaldoIni="11859.84" Debe="0.00" Haber="0.00" SaldoFin="11859.84" /><BCE:Ctas NumCta="113091300000" SaldoIni="2762.37" Debe="0.00" Haber="0.00" SaldoFin="2762.37" /><BCE:Ctas NumCta="113091400000" SaldoIni="1378.36" Debe="0.00" Haber="0.00" SaldoFin="1378.36" /><BCE:Ctas NumCta="113091500000" SaldoIni="4911.27" Debe="0.00" Haber="0.00" SaldoFin="4911.27" /><BCE:Ctas NumCta="113091600000" SaldoIni="7150.36" Debe="0.00" Haber="0.00" SaldoFin="7150.36" /><BCE:Ctas NumCta="113091700000" SaldoIni="615.93" Debe="0.00" Haber="0.00" SaldoFin="615.93" /><BCE:Ctas NumCta="113091800000" SaldoIni="1124.98" Debe="0.00" Haber="0.00" SaldoFin="1124.98" /><BCE:Ctas NumCta="113091900000" SaldoIni="3904.89" Debe="0.00" Haber="0.00" SaldoFin="3904.89" /><BCE:Ctas NumCta="113092000000" SaldoIni="1783.26" Debe="0.00" Haber="0.00" SaldoFin="1783.26" /><BCE:Ctas NumCta="113092100000" SaldoIni="2684.25" Debe="0.00" Haber="0.00" SaldoFin="2684.25" /><BCE:Ctas NumCta="113092200000" SaldoIni="2535.24" Debe="0.00" Haber="0.00" SaldoFin="2535.24" /><BCE:Ctas NumCta="113092300000" SaldoIni="32.88" Debe="0.00" Haber="0.00" SaldoFin="32.88" /><BCE:Ctas NumCta="113092400000" SaldoIni="0.00" Debe="0.00" Haber="0.00" SaldoFin="0.00" /><BCE:Ctas NumCta="113092500000" SaldoIni="0.00" Debe="0.00" Haber="0.00" SaldoFin="0.00" /><BCE:Ctas NumCta="114000000000" SaldoIni="153.21" Debe="138468.95" Haber="15.00" SaldoFin="138607.16" /><BCE:Ctas NumCta="114010000000" SaldoIni="0.00" Debe="138462.00" Haber="15.00" SaldoFin="138447.00" /><BCE:Ctas NumCta="114020000000" SaldoIni="153.21" Debe="6.95" Haber="0.00" SaldoFin="160.16" /><BCE:Ctas NumCta="115000000000" SaldoIni="94316782.76" Debe="26376571.12" Haber="32427468.82" SaldoFin="88265885.06" /><BCE:Ctas NumCta="115010000000" SaldoIni="58945835.88" Debe="9151441.08" Haber="14222838.68" SaldoFin="53874438.28" /><BCE:Ctas NumCta="115010100000" SaldoIni="38118825.95" Debe="7158084.55" Haber="10056064.79" SaldoFin="35220845.71" /><BCE:Ctas NumCta="115010200000" SaldoIni="11213654.04" Debe="1151293.66" Haber="1897724.28" SaldoFin="10467223.43" /><BCE:Ctas NumCta="115010300000" SaldoIni="1443313.14" Debe="394386.14" Haber="246146.66" SaldoFin="1591552.62" /><BCE:Ctas NumCta="115010400000" SaldoIni="6684529.38" Debe="0.00" Haber="1798098.18" SaldoFin="4886431.20" /><BCE:Ctas NumCta="115010500000" SaldoIni="1306283.30" Debe="272318.13" Haber="90901.03" SaldoFin="1487700.39" /><BCE:Ctas NumCta="115010600000" SaldoIni="0.00" Debe="0.00" Haber="0.00" SaldoFin="0.00" /><BCE:Ctas NumCta="115010700000" SaldoIni="179230.07" Debe="175358.60" Haber="133903.74" SaldoFin="220684.93" /><BCE:Ctas NumCta="115010800000" SaldoIni="0.00" Debe="0.00" Haber="0.00" SaldoFin="0.00" /><BCE:Ctas NumCta="115010900000" SaldoIni="0.00" Debe="0.00" Haber="0.00" SaldoFin="0.00" /><BCE:Ctas NumCta="115020000000" SaldoIni="10249108.35" Debe="4624678.78" Haber="5184854.63" SaldoFin="9688932.50" /><BCE:Ctas NumCta="115020100000" SaldoIni="4329653.35" Debe="2489622.30" Haber="2488930.48" SaldoFin="4330345.17" /><BCE:Ctas NumCta="115020200000" SaldoIni="3750177.49" Debe="237705.71" Haber="740276.75" SaldoFin="3247606.45" /><BCE:Ctas NumCta="115020300000" SaldoIni="122629.30" Debe="94297.56" Haber="152086.18" SaldoFin="64840.68" /><BCE:Ctas NumCta="115020400000" SaldoIni="1864783.60" Debe="1798098.18" Haber="1798098.18" SaldoFin="1864783.60" /><BCE:Ctas NumCta="115020500000" SaldoIni="181864.61" Debe="0.00" Haber="508.00" SaldoFin="181356.61" /><BCE:Ctas NumCta="115020600000" SaldoIni="0.00" Debe="0.00" Haber="0.00" SaldoFin="0.00" /><BCE:Ctas NumCta="115020700000" SaldoIni="-0.01" Debe="4955.04" Haber="4955.04" SaldoFin="-0.01" /><BCE:Ctas NumCta="115020800000" SaldoIni="0.00" Debe="0.00" Haber="0.00" SaldoFin="0.00" /><BCE:Ctas NumCta="115020900000" SaldoIni="0.00" Debe="0.00" Haber="0.00" SaldoFin="0.00" /><BCE:Ctas NumCta="115030000000" SaldoIni="10864049.03" Debe="6983152.29" Haber="6328839.49" SaldoFin="11518361.83" /><BCE:Ctas NumCta="115030100000" SaldoIni="7084926.06" Debe="6195001.44" Haber="5554879.23" SaldoFin="7725048.27" /><BCE:Ctas NumCta="115030200000" SaldoIni="3381410.56" Debe="627968.95" Haber="612780.80" SaldoFin="3396598.70" /><BCE:Ctas NumCta="115030300000" SaldoIni="58858.53" Debe="123431.90" Haber="115129.46" SaldoFin="67160.97" /><BCE:Ctas NumCta="115030400000" SaldoIni="283413.34" Debe="0.00" Haber="0.00" SaldoFin="283413.34" /><BCE:Ctas NumCta="115030500000" SaldoIni="55440.54" Debe="36750.00" Haber="46050.00" SaldoFin="46140.54" /><BCE:Ctas NumCta="115030600000" SaldoIni="0.00" Debe="0.00" Haber="0.00" SaldoFin="0.00" /><BCE:Ctas NumCta="115030700000" SaldoIni="0.00" Debe="0.00" Haber="0.00" SaldoFin="0.00" /><BCE:Ctas NumCta="115030800000" SaldoIni="0.00" Debe="0.00" Haber="0.00" SaldoFin="0.00" /><BCE:Ctas NumCta="115030900000" SaldoIni="0.00" Debe="0.00" Haber="0.00" SaldoFin="0.00" /><BCE:Ctas NumCta="115040000000" SaldoIni="6667635.04" Debe="3456069.33" Haber="6407977.29" SaldoFin="3715727.08" /><BCE:Ctas NumCta="115040100000" SaldoIni="4921659.00" Debe="3160364.65" Haber="6129771.23" SaldoFin="1952252.42" /><BCE:Ctas NumCta="115040200000" SaldoIni="1670659.67" Debe="167429.80" Haber="157830.41" SaldoFin="1680259.06" /><BCE:Ctas NumCta="115040300000" SaldoIni="66227.79" Debe="96224.39" Haber="88325.16" SaldoFin="74127.02" /><BCE:Ctas NumCta="115040400000" SaldoIni="-0.00" Debe="0.00" Haber="0.00" SaldoFin="-0.00" /><BCE:Ctas NumCta="115040500000" SaldoIni="8940.75" Debe="32050.48" Haber="32050.48" SaldoFin="8940.75" /><BCE:Ctas NumCta="115040600000" SaldoIni="0.00" Debe="0.00" Haber="0.00" SaldoFin="0.00" /><BCE:Ctas NumCta="115040700000" SaldoIni="147.83" Debe="0.00" Haber="0.00" SaldoFin="147.83" /><BCE:Ctas NumCta="115040800000" SaldoIni="0.00" Debe="0.00" Haber="0.00" SaldoFin="0.00" /><BCE:Ctas NumCta="115040900000" SaldoIni="0.00" Debe="0.00" Haber="0.00" SaldoFin="0.00" /><BCE:Ctas NumCta="115050000000" SaldoIni="7587671.62" Debe="2161229.65" Haber="282958.74" SaldoFin="9465942.53" /><BCE:Ctas NumCta="115050100000" SaldoIni="0.00" Debe="0.00" Haber="0.00" SaldoFin="0.00" /><BCE:Ctas NumCta="115050200000" SaldoIni="2650972.64" Debe="324125.99" Haber="266063.86" SaldoFin="2709034.77" /><BCE:Ctas NumCta="115050300000" SaldoIni="207232.24" Debe="38728.35" Haber="16340.63" SaldoFin="229619.96" /><BCE:Ctas NumCta="115050400000" SaldoIni="4546608.75" Debe="1798098.18" Haber="0.00" SaldoFin="6344706.93" /><BCE:Ctas NumCta="115050500000" SaldoIni="182451.34" Debe="0.00" Haber="0.00" SaldoFin="182451.34" /><BCE:Ctas NumCta="115050600000" SaldoIni="0.00" Debe="0.00" Haber="0.00" SaldoFin="0.00" /><BCE:Ctas NumCta="115050700000" SaldoIni="406.65" Debe="277.13" Haber="554.26" SaldoFin="129.52" /><BCE:Ctas NumCta="115050800000" SaldoIni="0.00" Debe="0.00" Haber="0.00" SaldoFin="0.00" /><BCE:Ctas NumCta="115050900000" SaldoIni="0.00" Debe="0.00" Haber="0.00" SaldoFin="0.00" /><BCE:Ctas NumCta="115060000000" SaldoIni="-0.00" Debe="0.00" Haber="0.00" SaldoFin="-0.00" /><BCE:Ctas NumCta="115060100000" SaldoIni="0.00" Debe="0.00" Haber="0.00" SaldoFin="0.00" /><BCE:Ctas NumCta="115060200000" SaldoIni="-0.00" Debe="0.00" Haber="0.00" SaldoFin="-0.00" /><BCE:Ctas NumCta="115060300000" SaldoIni="0.00" Debe="0.00" Haber="0.00" SaldoFin="0.00" /><BCE:Ctas NumCta="115060400000" SaldoIni="0.00" Debe="0.00" Haber="0.00" SaldoFin="0.00" /><BCE:Ctas NumCta="115060500000" SaldoIni="0.00" Debe="0.00" Haber="0.00" SaldoFin="0.00" /><BCE:Ctas NumCta="115060600000" SaldoIni="0.00" Debe="0.00" Haber="0.00" SaldoFin="0.00" /><BCE:Ctas NumCta="115060700000" SaldoIni="0.00" Debe="0.00" Haber="0.00" SaldoFin="0.00" /><BCE:Ctas NumCta="115060800000" SaldoIni="0.00" Debe="0.00" Haber="0.00" SaldoFin="0.00" /><BCE:Ctas NumCta="115060900000" SaldoIni="0.00" Debe="0.00" Haber="0.00" SaldoFin="0.00" /><BCE:Ctas NumCta="115070000000" SaldoIni="2482.83" Debe="0.00" Haber="0.00" SaldoFin="2482.83" /><BCE:Ctas NumCta="115070100000" SaldoIni="0.00" Debe="0.00" Haber="0.00" SaldoFin="0.00" /><BCE:Ctas NumCta="115070200000" SaldoIni="2482.83" Debe="0.00" Haber="0.00" SaldoFin="2482.83" /><BCE:Ctas NumCta="115070300000" SaldoIni="0.00" Debe="0.00" Haber="0.00" SaldoFin="0.00" /><BCE:Ctas NumCta="115070400000" SaldoIni="0.00" Debe="0.00" Haber="0.00" SaldoFin="0.00" /><BCE:Ctas NumCta="115070500000" SaldoIni="0.00" Debe="0.00" Haber="0.00" SaldoFin="0.00" /><BCE:Ctas NumCta="115070600000" SaldoIni="0.00" Debe="0.00" Haber="0.00" SaldoFin="0.00" /><BCE:Ctas NumCta="115070700000" SaldoIni="0.00" Debe="0.00" Haber="0.00" SaldoFin="0.00" /><BCE:Ctas NumCta="115070800000" SaldoIni="0.00" Debe="0.00" Haber="0.00" SaldoFin="0.00" /><BCE:Ctas NumCta="115070900000" SaldoIni="0.00" Debe="0.00" Haber="0.00" SaldoFin="0.00" /><BCE:Ctas NumCta="116000000000" SaldoIni="0.00" Debe="0.00" Haber="0.00" SaldoFin="0.00" /><BCE:Ctas NumCta="116010000000" SaldoIni="0.00" Debe="0.00" Haber="0.00" SaldoFin="0.00" /><BCE:Ctas NumCta="118000000000" SaldoIni="0.00" Debe="1502960.54" Haber="1502960.54" SaldoFin="-0.00" /><BCE:Ctas NumCta="118010000000" SaldoIni="0.00" Debe="1502960.54" Haber="1502960.54" SaldoFin="-0.00" /><BCE:Ctas NumCta="118010100000" SaldoIni="0.00" Debe="1115177.68" Haber="1115177.68" SaldoFin="-0.00" /><BCE:Ctas NumCta="118010200000" SaldoIni="0.00" Debe="207359.32" Haber="207359.32" SaldoFin="-0.00" /><BCE:Ctas NumCta="118010300000" SaldoIni="0.00" Debe="76805.29" Haber="76805.29" SaldoFin="0.00" /><BCE:Ctas NumCta="118010400000" SaldoIni="0.00" Debe="22315.03" Haber="22315.03" SaldoFin="0.00" /><BCE:Ctas NumCta="118010500000" SaldoIni="0.00" Debe="37663.65" Haber="37663.65" SaldoFin="-0.00" /><BCE:Ctas NumCta="118010600000" SaldoIni="0.00" Debe="0.00" Haber="0.00" SaldoFin="0.00" /><BCE:Ctas NumCta="118010700000" SaldoIni="0.00" Debe="43639.57" Haber="43639.57" SaldoFin="0.00" /><BCE:Ctas NumCta="118011000000" SaldoIni="0.00" Debe="0.00" Haber="0.00" SaldoFin="0.00" /><BCE:Ctas NumCta="118020000000" SaldoIni="0.00" Debe="0.00" Haber="0.00" SaldoFin="0.00" /><BCE:Ctas NumCta="118020100000" SaldoIni="0.00" Debe="0.00" Haber="0.00" SaldoFin="0.00" /><BCE:Ctas NumCta="118020200000" SaldoIni="0.00" Debe="0.00" Haber="0.00" SaldoFin="0.00" /><BCE:Ctas NumCta="118020300000" SaldoIni="0.00" Debe="0.00" Haber="0.00" SaldoFin="0.00" /><BCE:Ctas NumCta="118020400000" SaldoIni="0.00" Debe="0.00" Haber="0.00" SaldoFin="0.00" /><BCE:Ctas NumCta="118020500000" SaldoIni="0.00" Debe="0.00" Haber="0.00" SaldoFin="0.00" /><BCE:Ctas NumCta="118030000000" SaldoIni="0.00" Debe="0.00" Haber="0.00" SaldoFin="0.00" /><BCE:Ctas NumCta="118030100000" SaldoIni="0.00" Debe="0.00" Haber="0.00" SaldoFin="0.00" /><BCE:Ctas NumCta="118030200000" SaldoIni="0.00" Debe="0.00" Haber="0.00" SaldoFin="0.00" /><BCE:Ctas NumCta="118030300000" SaldoIni="0.00" Debe="0.00" Haber="0.00" SaldoFin="0.00" /><BCE:Ctas NumCta="118030400000" SaldoIni="0.00" Debe="0.00" Haber="0.00" SaldoFin="0.00" /><BCE:Ctas NumCta="118030500000" SaldoIni="0.00" Debe="0.00" Haber="0.00" SaldoFin="0.00" /><BCE:Ctas NumCta="118030600000" SaldoIni="0.00" Debe="0.00" Haber="0.00" SaldoFin="0.00" /><BCE:Ctas NumCta="118030700000" SaldoIni="0.00" Debe="0.00" Haber="0.00" SaldoFin="0.00" /><BCE:Ctas NumCta="119000000000" SaldoIni="1840024.29" Debe="378391.27" Haber="1143286.59" SaldoFin="1075128.97" /><BCE:Ctas NumCta="119010000000" SaldoIni="1829341.54" Debe="378345.97" Haber="1143286.59" SaldoFin="1064400.92" /><BCE:Ctas NumCta="119010100000" SaldoIni="987991.30" Debe="280991.45" Haber="808594.11" SaldoFin="460388.64" /><BCE:Ctas NumCta="119010200000" SaldoIni="618394.19" Debe="35576.69" Haber="194052.89" SaldoFin="459917.99" /><BCE:Ctas NumCta="119010300000" SaldoIni="99447.40" Debe="41366.55" Haber="59126.49" SaldoFin="81687.47" /><BCE:Ctas NumCta="119010400000" SaldoIni="16325.01" Debe="4345.79" Haber="9015.25" SaldoFin="11655.55" /><BCE:Ctas NumCta="119010500000" SaldoIni="63544.00" Debe="16065.49" Haber="28858.30" SaldoFin="50751.19" /><BCE:Ctas NumCta="119010600000" SaldoIni="0.01" Debe="0.00" Haber="0.00" SaldoFin="0.01" /><BCE:Ctas NumCta="119010700000" SaldoIni="43639.62" Debe="0.00" Haber="43639.55" SaldoFin="0.07" /><BCE:Ctas NumCta="119011000000" SaldoIni="0.00" Debe="0.00" Haber="0.00" SaldoFin="0.00" /><BCE:Ctas NumCta="119030000000" SaldoIni="10682.75" Debe="45.30" Haber="0.00" SaldoFin="10728.05" /><BCE:Ctas NumCta="119030100000" SaldoIni="10682.75" Debe="45.30" Haber="0.00" SaldoFin="10728.05" /><BCE:Ctas NumCta="119030200000" SaldoIni="0.00" Debe="0.00" Haber="0.00" SaldoFin="0.00" /><BCE:Ctas NumCta="119030300000" SaldoIni="0.00" Debe="0.00" Haber="0.00" SaldoFin="0.00" /><BCE:Ctas NumCta="119030400000" SaldoIni="0.00" Debe="0.00" Haber="0.00" SaldoFin="0.00" /><BCE:Ctas NumCta="119030500000" SaldoIni="0.00" Debe="0.00" Haber="0.00" SaldoFin="0.00" /><BCE:Ctas NumCta="119030600000" SaldoIni="0.00" Debe="0.00" Haber="0.00" SaldoFin="0.00" /><BCE:Ctas NumCta="119030700000" SaldoIni="0.00" Debe="0.00" Haber="0.00" SaldoFin="0.00" /><BCE:Ctas NumCta="120000000000" SaldoIni="592924.14" Debe="308548.23" Haber="46968.25" SaldoFin="854504.12" /><BCE:Ctas NumCta="120010000000" SaldoIni="454960.01" Debe="24527.33" Haber="46968.25" SaldoFin="432519.09" /><BCE:Ctas NumCta="120010100000" SaldoIni="419269.90" Debe="22807.01" Haber="20233.05" SaldoFin="421843.86" /><BCE:Ctas NumCta="120010200000" SaldoIni="8175.31" Debe="0.00" Haber="0.00" SaldoFin="8175.31" /><BCE:Ctas NumCta="120010300000" SaldoIni="834.80" Debe="120.32" Haber="55.20" SaldoFin="899.92" /><BCE:Ctas NumCta="120010400000" SaldoIni="0.00" Debe="0.00" Haber="0.00" SaldoFin="0.00" /><BCE:Ctas NumCta="120010500000" SaldoIni="26680.00" Debe="1600.00" Haber="26680.00" SaldoFin="1600.00" /><BCE:Ctas NumCta="120020000000" SaldoIni="137964.13" Debe="284020.90" Haber="0.00" SaldoFin="421985.03" /><BCE:Ctas NumCta="120020100000" SaldoIni="137964.13" Debe="284020.90" Haber="0.00" SaldoFin="421985.03" /><BCE:Ctas NumCta="120020200000" SaldoIni="0.00" Debe="0.00" Haber="0.00" SaldoFin="0.00" /><BCE:Ctas NumCta="120020300000" SaldoIni="0.00" Debe="0.00" Haber="0.00" SaldoFin="0.00" /><BCE:Ctas NumCta="120020400000" SaldoIni="0.00" Debe="0.00" Haber="0.00" SaldoFin="0.00" /><BCE:Ctas NumCta="120020500000" SaldoIni="0.00" Debe="0.00" Haber="0.00" SaldoFin="0.00" /><BCE:Ctas NumCta="121000000000" SaldoIni="0.00" Debe="0.00" Haber="0.00" SaldoFin="0.00" /><BCE:Ctas NumCta="121010000000" SaldoIni="0.00" Debe="0.00" Haber="0.00" SaldoFin="0.00" /><BCE:Ctas NumCta="121010100000" SaldoIni="0.00" Debe="0.00" Haber="0.00" SaldoFin="0.00" /><BCE:Ctas NumCta="121010200000" SaldoIni="0.00" Debe="0.00" Haber="0.00" SaldoFin="0.00" /><BCE:Ctas NumCta="121010300000" SaldoIni="0.00" Debe="0.00" Haber="0.00" SaldoFin="0.00" /><BCE:Ctas NumCta="121010400000" SaldoIni="0.00" Debe="0.00" Haber="0.00" SaldoFin="0.00" /><BCE:Ctas NumCta="121010500000" SaldoIni="0.00" Debe="0.00" Haber="0.00" SaldoFin="0.00" /><BCE:Ctas NumCta="153000000000" SaldoIni="1623592.82" Debe="0.00" Haber="0.00" SaldoFin="1623592.82" /><BCE:Ctas NumCta="153010000000" SaldoIni="1623592.82" Debe="0.00" Haber="0.00" SaldoFin="1623592.82" /><BCE:Ctas NumCta="154000000000" SaldoIni="16200716.69" Debe="0.00" Haber="0.00" SaldoFin="16200716.69" /><BCE:Ctas NumCta="154010000000" SaldoIni="16200716.69" Debe="0.00" Haber="0.00" SaldoFin="16200716.69" /><BCE:Ctas NumCta="155000000000" SaldoIni="16419.57" Debe="0.00" Haber="0.00" SaldoFin="16419.57" /><BCE:Ctas NumCta="155010000000" SaldoIni="16419.57" Debe="0.00" Haber="0.00" SaldoFin="16419.57" /><BCE:Ctas NumCta="156000000000" SaldoIni="12816.19" Debe="0.00" Haber="0.00" SaldoFin="12816.19" /><BCE:Ctas NumCta="156010000000" SaldoIni="12816.19" Debe="0.00" Haber="0.00" SaldoFin="12816.19" /><BCE:Ctas NumCta="171000000000" SaldoIni="14396460.50" Debe="0.00" Haber="0.00" SaldoFin="14396460.50" /><BCE:Ctas NumCta="171010000000" SaldoIni="0.00" Debe="0.00" Haber="0.00" SaldoFin="0.00" /><BCE:Ctas NumCta="171020000000" SaldoIni="726188.33" Debe="0.00" Haber="0.00" SaldoFin="726188.33" /><BCE:Ctas NumCta="171030000000" SaldoIni="13641036.41" Debe="0.00" Haber="0.00" SaldoFin="13641036.41" /><BCE:Ctas NumCta="171040000000" SaldoIni="16419.57" Debe="0.00" Haber="0.00" SaldoFin="16419.57" /><BCE:Ctas NumCta="171050000000" SaldoIni="12816.19" Debe="0.00" Haber="0.00" SaldoFin="12816.19" /><BCE:Ctas NumCta="172000000000" SaldoIni="0.00" Debe="0.00" Haber="0.00" SaldoFin="0.00" /><BCE:Ctas NumCta="172020000000" SaldoIni="0.00" Debe="0.00" Haber="0.00" SaldoFin="0.00" /><BCE:Ctas NumCta="172030000000" SaldoIni="0.00" Debe="0.00" Haber="0.00" SaldoFin="0.00" /><BCE:Ctas NumCta="172040000000" SaldoIni="0.00" Debe="0.00" Haber="0.00" SaldoFin="0.00" /><BCE:Ctas NumCta="172050000000" SaldoIni="0.00" Debe="0.00" Haber="0.00" SaldoFin="0.00" /><BCE:Ctas NumCta="173000000000" SaldoIni="56580.67" Debe="432824.14" Haber="38485.40" SaldoFin="450919.41" /><BCE:Ctas NumCta="173010000000" SaldoIni="56580.67" Debe="432824.14" Haber="38485.40" SaldoFin="450919.41" /><BCE:Ctas NumCta="173010100000" SaldoIni="56580.67" Debe="432824.14" Haber="38485.40" SaldoFin="450919.41" /><BCE:Ctas NumCta="173010200000" SaldoIni="0.00" Debe="0.00" Haber="0.00" SaldoFin="0.00" /><BCE:Ctas NumCta="184000000000" SaldoIni="77696.58" Debe="0.00" Haber="0.00" SaldoFin="77696.58" /><BCE:Ctas NumCta="184010000000" SaldoIni="0.00" Debe="0.00" Haber="0.00" SaldoFin="0.00" /><BCE:Ctas NumCta="184020000000" SaldoIni="0.00" Debe="0.00" Haber="0.00" SaldoFin="0.00" /><BCE:Ctas NumCta="184030000000" SaldoIni="77696.58" Debe="0.00" Haber="0.00" SaldoFin="77696.58" /><BCE:Ctas NumCta="200000000000" SaldoIni="0.00" Debe="0.00" Haber="0.00" SaldoFin="0.00" /><BCE:Ctas NumCta="200010000000" SaldoIni="0.00" Debe="0.00" Haber="0.00" SaldoFin="0.00" /><BCE:Ctas NumCta="201000000000" SaldoIni="34904014.65" Debe="16311661.87" Haber="12057927.39" SaldoFin="30650280.18" /><BCE:Ctas NumCta="201010000000" SaldoIni="34878346.06" Debe="16311661.87" Haber="12057927.39" SaldoFin="30624611.59" /><BCE:Ctas NumCta="201010100000" SaldoIni="23940556.29" Debe="12394132.06" Haber="7003563.84" SaldoFin="18549988.06" /><BCE:Ctas NumCta="201010200000" SaldoIni="5486186.35" Debe="1500787.48" Haber="818087.10" SaldoFin="4803485.97" /><BCE:Ctas NumCta="201010300000" SaldoIni="4584739.47" Debe="1642033.70" Haber="2911367.09" SaldoFin="5854072.86" /><BCE:Ctas NumCta="201010400000" SaldoIni="200567.80" Debe="234223.73" Haber="1215865.21" SaldoFin="1182209.27" /><BCE:Ctas NumCta="201010500000" SaldoIni="333898.82" Debe="208087.55" Haber="109044.16" SaldoFin="234855.42" /><BCE:Ctas NumCta="201010600000" SaldoIni="-0.00" Debe="0.00" Haber="0.00" SaldoFin="-0.00" /><BCE:Ctas NumCta="201010700000" SaldoIni="332397.34" Debe="332397.35" Haber="0.00" SaldoFin="-0.01" /><BCE:Ctas NumCta="201020000000" SaldoIni="25668.59" Debe="0.00" Haber="0.00" SaldoFin="25668.59" /><BCE:Ctas NumCta="201020100000" SaldoIni="25668.59" Debe="0.00" Haber="0.00" SaldoFin="25668.59" /><BCE:Ctas NumCta="201020200000" SaldoIni="0.00" Debe="0.00" Haber="0.00" SaldoFin="0.00" /><BCE:Ctas NumCta="201020300000" SaldoIni="0.00" Debe="0.00" Haber="0.00" SaldoFin="0.00" /><BCE:Ctas NumCta="201020400000" SaldoIni="0.00" Debe="0.00" Haber="0.00" SaldoFin="0.00" /><BCE:Ctas NumCta="201020500000" SaldoIni="0.00" Debe="0.00" Haber="0.00" SaldoFin="0.00" /><BCE:Ctas NumCta="201020600000" SaldoIni="0.00" Debe="0.00" Haber="0.00" SaldoFin="0.00" /><BCE:Ctas NumCta="201020700000" SaldoIni="0.00" Debe="0.00" Haber="0.00" SaldoFin="0.00" /><BCE:Ctas NumCta="202000000000" SaldoIni="24743198.71" Debe="4300000.00" Haber="473369.66" SaldoFin="20916568.37" /><BCE:Ctas NumCta="202010000000" SaldoIni="24743198.71" Debe="4300000.00" Haber="473369.66" SaldoFin="20916568.37" /><BCE:Ctas NumCta="202010100000" SaldoIni="24743198.71" Debe="4300000.00" Haber="473369.66" SaldoFin="20916568.37" /><BCE:Ctas NumCta="202010200000" SaldoIni="0.00" Debe="0.00" Haber="0.00" SaldoFin="0.00" /><BCE:Ctas NumCta="202030000000" SaldoIni="0.00" Debe="0.00" Haber="0.00" SaldoFin="0.00" /><BCE:Ctas NumCta="202070000000" SaldoIni="0.00" Debe="0.00" Haber="0.00" SaldoFin="0.00" /><BCE:Ctas NumCta="202110000000" SaldoIni="0.00" Debe="0.00" Haber="0.00" SaldoFin="0.00" /><BCE:Ctas NumCta="203000000000" SaldoIni="0.00" Debe="0.00" Haber="0.00" SaldoFin="0.00" /><BCE:Ctas NumCta="203180000000" SaldoIni="0.00" Debe="0.00" Haber="0.00" SaldoFin="0.00" /><BCE:Ctas NumCta="205000000000" SaldoIni="24625.17" Debe="3044.24" Haber="0.00" SaldoFin="21580.93" /><BCE:Ctas NumCta="205010000000" SaldoIni="3044.24" Debe="3044.24" Haber="0.00" SaldoFin="-0.00" /><BCE:Ctas NumCta="205020000000" SaldoIni="21580.93" Debe="0.00" Haber="0.00" SaldoFin="21580.93" /><BCE:Ctas NumCta="205020100000" SaldoIni="21580.93" Debe="0.00" Haber="0.00" SaldoFin="21580.93" /><BCE:Ctas NumCta="205020200000" SaldoIni="0.00" Debe="0.00" Haber="0.00" SaldoFin="0.00" /><BCE:Ctas NumCta="205020300000" SaldoIni="0.00" Debe="0.00" Haber="0.00" SaldoFin="0.00" /><BCE:Ctas NumCta="205020400000" SaldoIni="0.00" Debe="0.00" Haber="0.00" SaldoFin="0.00" /><BCE:Ctas NumCta="205020500000" SaldoIni="0.00" Debe="0.00" Haber="0.00" SaldoFin="0.00" /><BCE:Ctas NumCta="205060000000" SaldoIni="0.00" Debe="0.00" Haber="0.00" SaldoFin="0.00" /><BCE:Ctas NumCta="206000000000" SaldoIni="10349463.93" Debe="13004227.80" Haber="14689622.87" SaldoFin="12034859.00" /><BCE:Ctas NumCta="206010000000" SaldoIni="6219271.02" Debe="4592926.70" Haber="5074820.88" SaldoFin="6701165.20" /><BCE:Ctas NumCta="206010100000" SaldoIni="30000.00" Debe="0.00" Haber="0.00" SaldoFin="30000.00" /><BCE:Ctas NumCta="206010200000" SaldoIni="5181953.11" Debe="3666200.00" Haber="3944755.68" SaldoFin="5460508.79" /><BCE:Ctas NumCta="206010300000" SaldoIni="314660.50" Debe="585523.10" Haber="688872.61" SaldoFin="418010.01" /><BCE:Ctas NumCta="206010400000" SaldoIni="90020.87" Debe="40894.50" Haber="111444.50" SaldoFin="160570.87" /><BCE:Ctas NumCta="206010500000" SaldoIni="101432.53" Debe="300309.10" Haber="329748.09" SaldoFin="130871.52" /><BCE:Ctas NumCta="206010600000" SaldoIni="0.00" Debe="0.00" Haber="0.00" SaldoFin="0.00" /><BCE:Ctas NumCta="206010700000" SaldoIni="500000.00" Debe="0.00" Haber="0.00" SaldoFin="500000.00" /><BCE:Ctas NumCta="206010800000" SaldoIni="0.00" Debe="0.00" Haber="0.00" SaldoFin="0.00" /><BCE:Ctas NumCta="206010900000" SaldoIni="0.00" Debe="0.00" Haber="0.00" SaldoFin="0.00" /><BCE:Ctas NumCta="206011000000" SaldoIni="1204.00" Debe="0.00" Haber="0.00" SaldoFin="1204.00" /><BCE:Ctas NumCta="206011100000" SaldoIni="0.00" Debe="0.00" Haber="0.00" SaldoFin="0.00" /><BCE:Ctas NumCta="206011200000" SaldoIni="0.00" Debe="0.00" Haber="0.00" SaldoFin="0.00" /><BCE:Ctas NumCta="206012000000" SaldoIni="0.00" Debe="0.00" Haber="0.00" SaldoFin="0.00" /><BCE:Ctas NumCta="206020000000" SaldoIni="851816.98" Debe="1367419.11" Haber="1307806.23" SaldoFin="792204.10" /><BCE:Ctas NumCta="206020100000" SaldoIni="0.00" Debe="0.00" Haber="0.00" SaldoFin="0.00" /><BCE:Ctas NumCta="206020200000" SaldoIni="788712.04" Debe="817350.00" Haber="747377.00" SaldoFin="718739.04" /><BCE:Ctas NumCta="206020300000" SaldoIni="24301.33" Debe="340777.19" Haber="376137.31" SaldoFin="59661.45" /><BCE:Ctas NumCta="206020400000" SaldoIni="6600.00" Debe="21917.08" Haber="21917.08" SaldoFin="6600.00" /><BCE:Ctas NumCta="206020500000" SaldoIni="25686.01" Debe="186777.19" Haber="161777.19" SaldoFin="686.01" /><BCE:Ctas NumCta="206020600000" SaldoIni="0.00" Debe="0.00" Haber="0.00" SaldoFin="0.00" /><BCE:Ctas NumCta="206020700000" SaldoIni="0.00" Debe="0.00" Haber="0.00" SaldoFin="0.00" /><BCE:Ctas NumCta="206020800000" SaldoIni="0.00" Debe="0.00" Haber="0.00" SaldoFin="0.00" /><BCE:Ctas NumCta="206020900000" SaldoIni="0.00" Debe="0.00" Haber="0.00" SaldoFin="0.00" /><BCE:Ctas NumCta="206021000000" SaldoIni="6517.60" Debe="597.65" Haber="597.65" SaldoFin="6517.60" /><BCE:Ctas NumCta="206021100000" SaldoIni="0.00" Debe="0.00" Haber="0.00" SaldoFin="0.00" /><BCE:Ctas NumCta="206021200000" SaldoIni="0.00" Debe="0.00" Haber="0.00" SaldoFin="0.00" /><BCE:Ctas NumCta="206022000000" SaldoIni="0.00" Debe="0.00" Haber="0.00" SaldoFin="0.00" /><BCE:Ctas NumCta="206030000000" SaldoIni="1255732.92" Debe="4083587.52" Haber="4034179.16" SaldoFin="1206324.56" /><BCE:Ctas NumCta="206030100000" SaldoIni="0.00" Debe="0.00" Haber="0.00" SaldoFin="0.00" /><BCE:Ctas NumCta="206030200000" SaldoIni="1226444.94" Debe="3511689.68" Haber="3422524.40" SaldoFin="1137279.66" /><BCE:Ctas NumCta="206030300000" SaldoIni="19425.87" Debe="423106.71" Haber="444863.63" SaldoFin="41182.79" /><BCE:Ctas NumCta="206030400000" SaldoIni="0.00" Debe="6139.28" Haber="6139.28" SaldoFin="-0.00" /><BCE:Ctas NumCta="206030500000" SaldoIni="7982.11" Debe="141593.02" Haber="159593.02" SaldoFin="25982.11" /><BCE:Ctas NumCta="206030600000" SaldoIni="0.00" Debe="0.00" Haber="0.00" SaldoFin="0.00" /><BCE:Ctas NumCta="206030700000" SaldoIni="0.00" Debe="0.00" Haber="0.00" SaldoFin="0.00" /><BCE:Ctas NumCta="206030800000" SaldoIni="0.00" Debe="0.00" Haber="0.00" SaldoFin="0.00" /><BCE:Ctas NumCta="206030900000" SaldoIni="0.00" Debe="0.00" Haber="0.00" SaldoFin="0.00" /><BCE:Ctas NumCta="206031000000" SaldoIni="1880.00" Debe="1058.83" Haber="1058.83" SaldoFin="1880.00" /><BCE:Ctas NumCta="206031100000" SaldoIni="0.00" Debe="0.00" Haber="0.00" SaldoFin="0.00" /><BCE:Ctas NumCta="206031200000" SaldoIni="0.00" Debe="0.00" Haber="0.00" SaldoFin="0.00" /><BCE:Ctas NumCta="206032000000" SaldoIni="0.00" Debe="0.00" Haber="0.00" SaldoFin="0.00" /><BCE:Ctas NumCta="206040000000" SaldoIni="1897725.49" Debe="2669876.42" Haber="1909857.82" SaldoFin="1137706.89" /><BCE:Ctas NumCta="206040100000" SaldoIni="0.00" Debe="0.00" Haber="0.00" SaldoFin="0.00" /><BCE:Ctas NumCta="206040200000" SaldoIni="1857218.75" Debe="2572316.24" Haber="1736503.00" SaldoFin="1021405.51" /><BCE:Ctas NumCta="206040300000" SaldoIni="33499.66" Debe="44267.54" Haber="109562.18" SaldoFin="98794.30" /><BCE:Ctas NumCta="206040400000" SaldoIni="2000.00" Debe="32800.00" Haber="43300.00" SaldoFin="12500.00" /><BCE:Ctas NumCta="206040500000" SaldoIni="5007.08" Debe="20492.64" Haber="20492.64" SaldoFin="5007.08" /><BCE:Ctas NumCta="206040600000" SaldoIni="0.00" Debe="0.00" Haber="0.00" SaldoFin="0.00" /><BCE:Ctas NumCta="206040700000" SaldoIni="0.00" Debe="0.00" Haber="0.00" SaldoFin="0.00" /><BCE:Ctas NumCta="206040800000" SaldoIni="0.00" Debe="0.00" Haber="0.00" SaldoFin="0.00" /><BCE:Ctas NumCta="206040900000" SaldoIni="0.00" Debe="0.00" Haber="0.00" SaldoFin="0.00" /><BCE:Ctas NumCta="206041000000" SaldoIni="0.00" Debe="0.00" Haber="0.00" SaldoFin="0.00" /><BCE:Ctas NumCta="206041100000" SaldoIni="0.00" Debe="0.00" Haber="0.00" SaldoFin="0.00" /><BCE:Ctas NumCta="206041200000" SaldoIni="0.00" Debe="0.00" Haber="0.00" SaldoFin="0.00" /><BCE:Ctas NumCta="206042000000" SaldoIni="0.00" Debe="0.00" Haber="0.00" SaldoFin="0.00" /><BCE:Ctas NumCta="206050000000" SaldoIni="124467.54" Debe="290418.05" Haber="2362958.78" SaldoFin="2197008.27" /><BCE:Ctas NumCta="206050100000" SaldoIni="999.99" Debe="2295.51" Haber="2046795.52" SaldoFin="2045500.00" /><BCE:Ctas NumCta="206050200000" SaldoIni="2254.55" Debe="0.00" Haber="0.00" SaldoFin="2254.55" /><BCE:Ctas NumCta="206050300000" SaldoIni="20431.31" Debe="279169.60" Haber="273610.32" SaldoFin="14872.03" /><BCE:Ctas NumCta="206050400000" SaldoIni="0.00" Debe="0.00" Haber="0.00" SaldoFin="0.00" /><BCE:Ctas NumCta="206050500000" SaldoIni="100781.69" Debe="8952.94" Haber="42552.94" SaldoFin="134381.69" /><BCE:Ctas NumCta="206050600000" SaldoIni="0.00" Debe="0.00" Haber="0.00" SaldoFin="0.00" /><BCE:Ctas NumCta="206050700000" SaldoIni="0.00" Debe="0.00" Haber="0.00" SaldoFin="0.00" /><BCE:Ctas NumCta="206050800000" SaldoIni="0.00" Debe="0.00" Haber="0.00" SaldoFin="0.00" /><BCE:Ctas NumCta="206050900000" SaldoIni="0.00" Debe="0.00" Haber="0.00" SaldoFin="0.00" /><BCE:Ctas NumCta="206051000000" SaldoIni="0.00" Debe="0.00" Haber="0.00" SaldoFin="0.00" /><BCE:Ctas NumCta="206051100000" SaldoIni="0.00" Debe="0.00" Haber="0.00" SaldoFin="0.00" /><BCE:Ctas NumCta="206051200000" SaldoIni="0.00" Debe="0.00" Haber="0.00" SaldoFin="0.00" /><BCE:Ctas NumCta="206052000000" SaldoIni="0.00" Debe="0.00" Haber="0.00" SaldoFin="0.00" /><BCE:Ctas NumCta="206060000000" SaldoIni="0.32" Debe="0.00" Haber="0.00" SaldoFin="0.32" /><BCE:Ctas NumCta="206060100000" SaldoIni="0.00" Debe="0.00" Haber="0.00" SaldoFin="0.00" /><BCE:Ctas NumCta="206060200000" SaldoIni="0.00" Debe="0.00" Haber="0.00" SaldoFin="0.00" /><BCE:Ctas NumCta="206060300000" SaldoIni="0.32" Debe="0.00" Haber="0.00" SaldoFin="0.32" /><BCE:Ctas NumCta="206060400000" SaldoIni="0.00" Debe="0.00" Haber="0.00" SaldoFin="0.00" /><BCE:Ctas NumCta="206060500000" SaldoIni="0.00" Debe="0.00" Haber="0.00" SaldoFin="0.00" /><BCE:Ctas NumCta="206060600000" SaldoIni="0.00" Debe="0.00" Haber="0.00" SaldoFin="0.00" /><BCE:Ctas NumCta="206060700000" SaldoIni="0.00" Debe="0.00" Haber="0.00" SaldoFin="0.00" /><BCE:Ctas NumCta="206060800000" SaldoIni="0.00" Debe="0.00" Haber="0.00" SaldoFin="0.00" /><BCE:Ctas NumCta="206060900000" SaldoIni="0.00" Debe="0.00" Haber="0.00" SaldoFin="0.00" /><BCE:Ctas NumCta="206061000000" SaldoIni="0.00" Debe="0.00" Haber="0.00" SaldoFin="0.00" /><BCE:Ctas NumCta="206061100000" SaldoIni="0.00" Debe="0.00" Haber="0.00" SaldoFin="0.00" /><BCE:Ctas NumCta="206061200000" SaldoIni="0.00" Debe="0.00" Haber="0.00" SaldoFin="0.00" /><BCE:Ctas NumCta="206062000000" SaldoIni="0.00" Debe="0.00" Haber="0.00" SaldoFin="0.00" /><BCE:Ctas NumCta="206070000000" SaldoIni="449.66" Debe="0.00" Haber="0.00" SaldoFin="449.66" /><BCE:Ctas NumCta="206070100000" SaldoIni="0.00" Debe="0.00" Haber="0.00" SaldoFin="0.00" /><BCE:Ctas NumCta="206070200000" SaldoIni="0.00" Debe="0.00" Haber="0.00" SaldoFin="0.00" /><BCE:Ctas NumCta="206070300000" SaldoIni="449.66" Debe="0.00" Haber="0.00" SaldoFin="449.66" /><BCE:Ctas NumCta="206070400000" SaldoIni="0.00" Debe="0.00" Haber="0.00" SaldoFin="0.00" /><BCE:Ctas NumCta="206070500000" SaldoIni="0.00" Debe="0.00" Haber="0.00" SaldoFin="0.00" /><BCE:Ctas NumCta="206070600000" SaldoIni="0.00" Debe="0.00" Haber="0.00" SaldoFin="0.00" /><BCE:Ctas NumCta="206070700000" SaldoIni="0.00" Debe="0.00" Haber="0.00" SaldoFin="0.00" /><BCE:Ctas NumCta="206070800000" SaldoIni="0.00" Debe="0.00" Haber="0.00" SaldoFin="0.00" /><BCE:Ctas NumCta="206070900000" SaldoIni="0.00" Debe="0.00" Haber="0.00" SaldoFin="0.00" /><BCE:Ctas NumCta="206071000000" SaldoIni="0.00" Debe="0.00" Haber="0.00" SaldoFin="0.00" /><BCE:Ctas NumCta="206071100000" SaldoIni="0.00" Debe="0.00" Haber="0.00" SaldoFin="0.00" /><BCE:Ctas NumCta="206071200000" SaldoIni="0.00" Debe="0.00" Haber="0.00" SaldoFin="0.00" /><BCE:Ctas NumCta="206072000000" SaldoIni="0.00" Debe="0.00" Haber="0.00" SaldoFin="0.00" /><BCE:Ctas NumCta="207000000000" SaldoIni="0.00" Debe="0.00" Haber="0.00" SaldoFin="0.00" /><BCE:Ctas NumCta="208000000000" SaldoIni="0.01" Debe="964191.11" Haber="964191.11" SaldoFin="0.00" /><BCE:Ctas NumCta="208010000000" SaldoIni="0.01" Debe="962195.37" Haber="962195.37" SaldoFin="0.00" /><BCE:Ctas NumCta="208010100000" SaldoIni="-0.00" Debe="246567.28" Haber="246567.29" SaldoFin="0.00" /><BCE:Ctas NumCta="208010200000" SaldoIni="0.00" Debe="165174.48" Haber="165174.47" SaldoFin="-0.00" /><BCE:Ctas NumCta="208010300000" SaldoIni="-0.00" Debe="132623.01" Haber="132623.01" SaldoFin="-0.00" /><BCE:Ctas NumCta="208010400000" SaldoIni="0.00" Debe="41913.30" Haber="41913.30" SaldoFin="0.00" /><BCE:Ctas NumCta="208010500000" SaldoIni="0.00" Debe="373626.33" Haber="373626.33" SaldoFin="-0.00" /><BCE:Ctas NumCta="208010600000" SaldoIni="0.00" Debe="0.00" Haber="0.00" SaldoFin="0.00" /><BCE:Ctas NumCta="208010700000" SaldoIni="0.00" Debe="2290.97" Haber="2290.97" SaldoFin="0.00" /><BCE:Ctas NumCta="208020000000" SaldoIni="-0.00" Debe="1995.74" Haber="1995.74" SaldoFin="-0.00" /><BCE:Ctas NumCta="208020100000" SaldoIni="-0.00" Debe="1995.74" Haber="1995.74" SaldoFin="-0.00" /><BCE:Ctas NumCta="208020200000" SaldoIni="0.00" Debe="0.00" Haber="0.00" SaldoFin="0.00" /><BCE:Ctas NumCta="208020300000" SaldoIni="0.00" Debe="0.00" Haber="0.00" SaldoFin="0.00" /><BCE:Ctas NumCta="208020400000" SaldoIni="0.00" Debe="0.00" Haber="0.00" SaldoFin="0.00" /><BCE:Ctas NumCta="208020500000" SaldoIni="0.00" Debe="0.00" Haber="0.00" SaldoFin="0.00" /><BCE:Ctas NumCta="208020600000" SaldoIni="0.00" Debe="0.00" Haber="0.00" SaldoFin="0.00" /><BCE:Ctas NumCta="208020700000" SaldoIni="0.00" Debe="0.00" Haber="0.00" SaldoFin="0.00" /><BCE:Ctas NumCta="209000000000" SaldoIni="1646035.44" Debe="969539.39" Haber="590652.66" SaldoFin="1267148.71" /><BCE:Ctas NumCta="209010000000" SaldoIni="1600582.68" Debe="962983.65" Haber="586812.58" SaldoFin="1224411.61" /><BCE:Ctas NumCta="209010100000" SaldoIni="1217795.77" Debe="246922.89" Haber="218346.44" SaldoFin="1189219.33" /><BCE:Ctas NumCta="209010200000" SaldoIni="96559.73" Debe="165607.71" Haber="157361.83" SaldoFin="88313.85" /><BCE:Ctas NumCta="209010300000" SaldoIni="194574.00" Debe="132623.03" Haber="117694.62" SaldoFin="179645.59" /><BCE:Ctas NumCta="209010400000" SaldoIni="54134.96" Debe="41913.30" Haber="42208.14" SaldoFin="54429.80" /><BCE:Ctas NumCta="209010500000" SaldoIni="32537.70" Debe="373625.75" Haber="51201.55" SaldoFin="-289886.50" /><BCE:Ctas NumCta="209010600000" SaldoIni="293.34" Debe="0.00" Haber="0.00" SaldoFin="293.34" /><BCE:Ctas NumCta="209010700000" SaldoIni="4687.18" Debe="2290.97" Haber="0.00" SaldoFin="2396.21" /><BCE:Ctas NumCta="209020000000" SaldoIni="40892.76" Debe="1995.74" Haber="0.00" SaldoFin="38897.02" /><BCE:Ctas NumCta="209020100000" SaldoIni="40491.90" Debe="1995.74" Haber="0.00" SaldoFin="38496.16" /><BCE:Ctas NumCta="209020200000" SaldoIni="35.76" Debe="0.00" Haber="0.00" SaldoFin="35.76" /><BCE:Ctas NumCta="209020300000" SaldoIni="0.01" Debe="0.00" Haber="0.00" SaldoFin="0.01" /><BCE:Ctas NumCta="209020400000" SaldoIni="365.09" Debe="0.00" Haber="0.00" SaldoFin="365.09" /><BCE:Ctas NumCta="209020500000" SaldoIni="0.00" Debe="0.00" Haber="0.00" SaldoFin="0.00" /><BCE:Ctas NumCta="209020600000" SaldoIni="0.00" Debe="0.00" Haber="0.00" SaldoFin="0.00" /><BCE:Ctas NumCta="209020700000" SaldoIni="0.00" Debe="0.00" Haber="0.00" SaldoFin="0.00" /><BCE:Ctas NumCta="209030000000" SaldoIni="0.00" Debe="0.00" Haber="0.00" SaldoFin="0.00" /><BCE:Ctas NumCta="209030100000" SaldoIni="0.00" Debe="0.00" Haber="0.00" SaldoFin="0.00" /><BCE:Ctas NumCta="209030200000" SaldoIni="0.00" Debe="0.00" Haber="0.00" SaldoFin="0.00" /><BCE:Ctas NumCta="209030300000" SaldoIni="0.00" Debe="0.00" Haber="0.00" SaldoFin="0.00" /><BCE:Ctas NumCta="209030400000" SaldoIni="0.00" Debe="0.00" Haber="0.00" SaldoFin="0.00" /><BCE:Ctas NumCta="209030500000" SaldoIni="0.00" Debe="0.00" Haber="0.00" SaldoFin="0.00" /><BCE:Ctas NumCta="209040000000" SaldoIni="0.00" Debe="0.00" Haber="1333.34" SaldoFin="1333.34" /><BCE:Ctas NumCta="209040100000" SaldoIni="0.00" Debe="0.00" Haber="0.00" SaldoFin="0.00" /><BCE:Ctas NumCta="209040200000" SaldoIni="0.00" Debe="0.00" Haber="0.00" SaldoFin="0.00" /><BCE:Ctas NumCta="209040300000" SaldoIni="0.00" Debe="0.00" Haber="0.00" SaldoFin="0.00" /><BCE:Ctas NumCta="209040400000" SaldoIni="0.00" Debe="0.00" Haber="0.00" SaldoFin="0.00" /><BCE:Ctas NumCta="209040500000" SaldoIni="0.00" Debe="0.00" Haber="1333.34" SaldoFin="1333.34" /><BCE:Ctas NumCta="209050000000" SaldoIni="0.00" Debe="0.00" Haber="2506.74" SaldoFin="2506.74" /><BCE:Ctas NumCta="209050100000" SaldoIni="0.00" Debe="0.00" Haber="0.00" SaldoFin="0.00" /><BCE:Ctas NumCta="209050200000" SaldoIni="0.00" Debe="0.00" Haber="0.00" SaldoFin="0.00" /><BCE:Ctas NumCta="209050300000" SaldoIni="0.00" Debe="0.00" Haber="0.00" SaldoFin="0.00" /><BCE:Ctas NumCta="209050400000" SaldoIni="0.00" Debe="0.00" Haber="0.00" SaldoFin="0.00" /><BCE:Ctas NumCta="209050500000" SaldoIni="0.00" Debe="0.00" Haber="2506.74" SaldoFin="2506.74" /><BCE:Ctas NumCta="209060000000" SaldoIni="4560.00" Debe="4560.00" Haber="0.00" SaldoFin="0.00" /><BCE:Ctas NumCta="209060200000" SaldoIni="1140.00" Debe="1140.00" Haber="0.00" SaldoFin="0.00" /><BCE:Ctas NumCta="209060300000" SaldoIni="1140.00" Debe="1140.00" Haber="0.00" SaldoFin="0.00" /><BCE:Ctas NumCta="209060400000" SaldoIni="1140.00" Debe="1140.00" Haber="0.00" SaldoFin="0.00" /><BCE:Ctas NumCta="209060500000" SaldoIni="1140.00" Debe="1140.00" Haber="0.00" SaldoFin="0.00" /><BCE:Ctas NumCta="210000000000" SaldoIni="44702.43" Debe="352666.00" Haber="355369.00" SaldoFin="47405.43" /><BCE:Ctas NumCta="210010000000" SaldoIni="44702.43" Debe="352666.00" Haber="355369.00" SaldoFin="47405.43" /><BCE:Ctas NumCta="211000000000" SaldoIni="660928.90" Debe="660928.90" Haber="182734.31" SaldoFin="182734.31" /><BCE:Ctas NumCta="211010000000" SaldoIni="185741.48" Debe="185741.48" Haber="182734.31" SaldoFin="182734.31" /><BCE:Ctas NumCta="211010100000" SaldoIni="104611.14" Debe="104611.14" Haber="104187.58" SaldoFin="104187.58" /><BCE:Ctas NumCta="211010200000" SaldoIni="22780.51" Debe="22780.51" Haber="23254.75" SaldoFin="23254.75" /><BCE:Ctas NumCta="211010300000" SaldoIni="20826.91" Debe="20826.91" Haber="19261.00" SaldoFin="19261.00" /><BCE:Ctas NumCta="211010400000" SaldoIni="21248.89" Debe="21248.89" Haber="20903.16" SaldoFin="20903.16" /><BCE:Ctas NumCta="211010500000" SaldoIni="16274.03" Debe="16274.03" Haber="15127.82" SaldoFin="15127.82" /><BCE:Ctas NumCta="211020000000" SaldoIni="183157.30" Debe="183157.30" Haber="0.00" SaldoFin="0.00" /><BCE:Ctas NumCta="211020100000" SaldoIni="110820.98" Debe="110820.98" Haber="0.00" SaldoFin="-0.00" /><BCE:Ctas NumCta="211020200000" SaldoIni="22501.39" Debe="22501.39" Haber="0.00" SaldoFin="0.00" /><BCE:Ctas NumCta="211020300000" SaldoIni="19268.27" Debe="19268.27" Haber="0.00" SaldoFin="-0.00" /><BCE:Ctas NumCta="211020400000" SaldoIni="17260.32" Debe="17260.32" Haber="0.00" SaldoFin="-0.00" /><BCE:Ctas NumCta="211020500000" SaldoIni="13306.34" Debe="13306.34" Haber="0.00" SaldoFin="-0.00" /><BCE:Ctas NumCta="211030000000" SaldoIni="292030.12" Debe="292030.12" Haber="0.00" SaldoFin="0.00" /><BCE:Ctas NumCta="211030100000" SaldoIni="165360.47" Debe="165360.47" Haber="0.00" SaldoFin="-0.00" /><BCE:Ctas NumCta="211030200000" SaldoIni="35148.92" Debe="35148.92" Haber="0.00" SaldoFin="-0.00" /><BCE:Ctas NumCta="211030300000" SaldoIni="32204.54" Debe="32204.54" Haber="0.00" SaldoFin="-0.00" /><BCE:Ctas NumCta="211030400000" SaldoIni="21587.13" Debe="21587.13" Haber="0.00" SaldoFin="0.00" /><BCE:Ctas NumCta="211030500000" SaldoIni="37729.06" Debe="37729.06" Haber="0.00" SaldoFin="0.00" /><BCE:Ctas NumCta="212000000000" SaldoIni="51817.00" Debe="52033.00" Haber="37136.00" SaldoFin="36920.00" /><BCE:Ctas NumCta="212010000000" SaldoIni="51817.00" Debe="52033.00" Haber="37136.00" SaldoFin="36920.00" /><BCE:Ctas NumCta="212010100000" SaldoIni="28352.00" Debe="28473.00" Haber="20567.00" SaldoFin="20446.00" /><BCE:Ctas NumCta="212010200000" SaldoIni="6431.00" Debe="6477.00" Haber="4946.00" SaldoFin="4900.00" /><BCE:Ctas NumCta="212010300000" SaldoIni="7425.00" Debe="7425.00" Haber="4899.00" SaldoFin="4899.00" /><BCE:Ctas NumCta="212010400000" SaldoIni="4531.00" Debe="4535.00" Haber="3349.00" SaldoFin="3345.00" /><BCE:Ctas NumCta="212010500000" SaldoIni="5078.00" Debe="5123.00" Haber="3375.00" SaldoFin="3330.00" /><BCE:Ctas NumCta="213000000000" SaldoIni="1287338.87" Debe="312747.00" Haber="140457.74" SaldoFin="1115049.61" /><BCE:Ctas NumCta="213000100000" SaldoIni="0.00" Debe="0.00" Haber="0.00" SaldoFin="0.00" /><BCE:Ctas NumCta="213000200000" SaldoIni="0.00" Debe="0.00" Haber="0.00" SaldoFin="0.00" /><BCE:Ctas NumCta="213000300000" SaldoIni="0.00" Debe="0.00" Haber="0.00" SaldoFin="0.00" /><BCE:Ctas NumCta="213000400000" SaldoIni="0.00" Debe="0.00" Haber="0.00" SaldoFin="0.00" /><BCE:Ctas NumCta="213000500000" SaldoIni="0.00" Debe="0.00" Haber="0.00" SaldoFin="0.00" /><BCE:Ctas NumCta="213010000000" SaldoIni="927887.04" Debe="0.00" Haber="0.00" SaldoFin="927887.04" /><BCE:Ctas NumCta="213020000000" SaldoIni="46719.83" Debe="0.00" Haber="1995.74" SaldoFin="48715.57" /><BCE:Ctas NumCta="213030000000" SaldoIni="312732.00" Debe="312747.00" Haber="138462.00" SaldoFin="138447.00" /><BCE:Ctas NumCta="213040000000" SaldoIni="0.00" Debe="0.00" Haber="0.00" SaldoFin="0.00" /><BCE:Ctas NumCta="215000000000" SaldoIni="771998.59" Debe="0.00" Haber="0.00" SaldoFin="771998.59" /><BCE:Ctas NumCta="215010000000" SaldoIni="12.59" Debe="0.00" Haber="0.00" SaldoFin="12.59" /><BCE:Ctas NumCta="215020000000" SaldoIni="0.00" Debe="0.00" Haber="0.00" SaldoFin="0.00" /><BCE:Ctas NumCta="215030000000" SaldoIni="771986.00" Debe="0.00" Haber="0.00" SaldoFin="771986.00" /><BCE:Ctas NumCta="216000000000" SaldoIni="809148.91" Debe="846072.01" Haber="240018.59" SaldoFin="203095.49" /><BCE:Ctas NumCta="216010000000" SaldoIni="238133.17" Debe="249007.75" Haber="180929.15" SaldoFin="170054.57" /><BCE:Ctas NumCta="216010100000" SaldoIni="175734.79" Debe="161576.91" Haber="116205.55" SaldoFin="130363.43" /><BCE:Ctas NumCta="216010200000" SaldoIni="16296.25" Debe="26882.58" Haber="21247.63" SaldoFin="10661.30" /><BCE:Ctas NumCta="216010300000" SaldoIni="16852.94" Debe="25420.59" Haber="17820.49" SaldoFin="9252.84" /><BCE:Ctas NumCta="216010400000" SaldoIni="17208.94" Debe="22298.80" Haber="17130.04" SaldoFin="12040.18" /><BCE:Ctas NumCta="216010500000" SaldoIni="12040.25" Debe="12828.87" Haber="8525.44" SaldoFin="7736.82" /><BCE:Ctas NumCta="216030000000" SaldoIni="255451.40" Debe="255451.40" Haber="1101.40" SaldoFin="1101.40" /><BCE:Ctas NumCta="216030100000" SaldoIni="220500.00" Debe="220500.00" Haber="0.00" SaldoFin="0.00" /><BCE:Ctas NumCta="216030200000" SaldoIni="31500.00" Debe="31500.00" Haber="0.00" SaldoFin="0.00" /><BCE:Ctas NumCta="216030300000" SaldoIni="1101.40" Debe="1101.40" Haber="1101.40" SaldoFin="1101.40" /><BCE:Ctas NumCta="216030400000" SaldoIni="0.00" Debe="0.00" Haber="0.00" SaldoFin="0.00" /><BCE:Ctas NumCta="216030500000" SaldoIni="2350.00" Debe="2350.00" Haber="0.00" SaldoFin="0.00" /><BCE:Ctas NumCta="216040000000" SaldoIni="8966.67" Debe="8055.56" Haber="4027.78" SaldoFin="4938.89" /><BCE:Ctas NumCta="216040100000" SaldoIni="6466.67" Debe="5555.56" Haber="2777.78" SaldoFin="3688.89" /><BCE:Ctas NumCta="216040200000" SaldoIni="0.00" Debe="0.00" Haber="0.00" SaldoFin="0.00" /><BCE:Ctas NumCta="216040300000" SaldoIni="0.00" Debe="0.00" Haber="0.00" SaldoFin="0.00" /><BCE:Ctas NumCta="216040400000" SaldoIni="0.00" Debe="0.00" Haber="0.00" SaldoFin="0.00" /><BCE:Ctas NumCta="216040500000" SaldoIni="2500.00" Debe="2500.00" Haber="1250.00" SaldoFin="1250.00" /><BCE:Ctas NumCta="216050000000" SaldoIni="0.00" Debe="0.00" Haber="0.00" SaldoFin="0.00" /><BCE:Ctas NumCta="216100000000" SaldoIni="306597.67" Debe="297057.32" Haber="17460.28" SaldoFin="27000.63" /><BCE:Ctas NumCta="216100100000" SaldoIni="258200.21" Debe="249811.32" Haber="5812.12" SaldoFin="14201.01" /><BCE:Ctas NumCta="216100200000" SaldoIni="36353.55" Debe="35975.15" Haber="2280.00" SaldoFin="2658.40" /><BCE:Ctas NumCta="216100300000" SaldoIni="3883.86" Debe="3817.43" Haber="3454.83" SaldoFin="3521.26" /><BCE:Ctas NumCta="216100400000" SaldoIni="1840.00" Debe="1140.00" Haber="2280.00" SaldoFin="2980.00" /><BCE:Ctas NumCta="216100500000" SaldoIni="6320.05" Debe="6313.42" Haber="3633.33" SaldoFin="3639.96" /><BCE:Ctas NumCta="216110000000" SaldoIni="0.00" Debe="36499.98" Haber="36499.98" SaldoFin="-0.00" /><BCE:Ctas NumCta="216110100000" SaldoIni="0.00" Debe="21867.55" Haber="21867.55" SaldoFin="-0.00" /><BCE:Ctas NumCta="216110200000" SaldoIni="0.00" Debe="4631.86" Haber="4631.86" SaldoFin="0.00" /><BCE:Ctas NumCta="216110300000" SaldoIni="0.00" Debe="4041.64" Haber="4041.64" SaldoFin="-0.00" /><BCE:Ctas NumCta="216110400000" SaldoIni="0.00" Debe="3602.38" Haber="3602.38" SaldoFin="0.00" /><BCE:Ctas NumCta="216110500000" SaldoIni="0.00" Debe="2356.55" Haber="2356.55" SaldoFin="0.00" /><BCE:Ctas NumCta="216120000000" SaldoIni="0.00" Debe="0.00" Haber="0.00" SaldoFin="0.00" /><BCE:Ctas NumCta="216120100000" SaldoIni="0.00" Debe="0.00" Haber="0.00" SaldoFin="0.00" /><BCE:Ctas NumCta="216120200000" SaldoIni="0.00" Debe="0.00" Haber="0.00" SaldoFin="0.00" /><BCE:Ctas NumCta="216120300000" SaldoIni="0.00" Debe="0.00" Haber="0.00" SaldoFin="0.00" /><BCE:Ctas NumCta="216120400000" SaldoIni="0.00" Debe="0.00" Haber="0.00" SaldoFin="0.00" /><BCE:Ctas NumCta="216120500000" SaldoIni="0.00" Debe="0.00" Haber="0.00" SaldoFin="0.00" /><BCE:Ctas NumCta="217000000000" SaldoIni="11052.46" Debe="0.00" Haber="69114.67" SaldoFin="80167.13" /><BCE:Ctas NumCta="217010000000" SaldoIni="11052.46" Debe="0.00" Haber="69114.67" SaldoFin="80167.13" /><BCE:Ctas NumCta="217010100000" SaldoIni="7297.02" Debe="0.00" Haber="37572.48" SaldoFin="44869.50" /><BCE:Ctas NumCta="217010200000" SaldoIni="60.92" Debe="0.00" Haber="9476.98" SaldoFin="9537.90" /><BCE:Ctas NumCta="217010300000" SaldoIni="1473.43" Debe="0.00" Haber="7864.57" SaldoFin="9338.00" /><BCE:Ctas NumCta="217010400000" SaldoIni="2139.51" Debe="0.00" Haber="3916.96" SaldoFin="6056.47" /><BCE:Ctas NumCta="217010500000" SaldoIni="81.58" Debe="0.00" Haber="10283.68" SaldoFin="10365.26" /><BCE:Ctas NumCta="218000000000" SaldoIni="0.00" Debe="0.00" Haber="3600.00" SaldoFin="3600.00" /><BCE:Ctas NumCta="218010000000" SaldoIni="0.00" Debe="0.00" Haber="1250.00" SaldoFin="1250.00" /><BCE:Ctas NumCta="218010100000" SaldoIni="0.00" Debe="0.00" Haber="0.00" SaldoFin="0.00" /><BCE:Ctas NumCta="218010200000" SaldoIni="0.00" Debe="0.00" Haber="0.00" SaldoFin="0.00" /><BCE:Ctas NumCta="218010300000" SaldoIni="0.00" Debe="0.00" Haber="0.00" SaldoFin="0.00" /><BCE:Ctas NumCta="218010400000" SaldoIni="0.00" Debe="0.00" Haber="0.00" SaldoFin="0.00" /><BCE:Ctas NumCta="218010500000" SaldoIni="0.00" Debe="0.00" Haber="1250.00" SaldoFin="1250.00" /><BCE:Ctas NumCta="218020000000" SaldoIni="0.00" Debe="0.00" Haber="2350.00" SaldoFin="2350.00" /><BCE:Ctas NumCta="218020100000" SaldoIni="0.00" Debe="0.00" Haber="0.00" SaldoFin="0.00" /><BCE:Ctas NumCta="218020200000" SaldoIni="0.00" Debe="0.00" Haber="0.00" SaldoFin="0.00" /><BCE:Ctas NumCta="218020300000" SaldoIni="0.00" Debe="0.00" Haber="0.00" SaldoFin="0.00" /><BCE:Ctas NumCta="218020400000" SaldoIni="0.00" Debe="0.00" Haber="0.00" SaldoFin="0.00" /><BCE:Ctas NumCta="218020500000" SaldoIni="0.00" Debe="0.00" Haber="2350.00" SaldoFin="2350.00" /><BCE:Ctas NumCta="300000000000" SaldoIni="0.00" Debe="0.00" Haber="0.00" SaldoFin="0.00" /><BCE:Ctas NumCta="301000000000" SaldoIni="7000000.00" Debe="0.00" Haber="0.00" SaldoFin="7000000.00" /><BCE:Ctas NumCta="301010000000" SaldoIni="100000.00" Debe="0.00" Haber="0.00" SaldoFin="100000.00" /><BCE:Ctas NumCta="301010100000" SaldoIni="50000.00" Debe="0.00" Haber="0.00" SaldoFin="50000.00" /><BCE:Ctas NumCta="301010200000" SaldoIni="50000.00" Debe="0.00" Haber="0.00" SaldoFin="50000.00" /><BCE:Ctas NumCta="301020000000" SaldoIni="6900000.00" Debe="0.00" Haber="0.00" SaldoFin="6900000.00" /><BCE:Ctas NumCta="301020100000" SaldoIni="3450000.00" Debe="0.00" Haber="0.00" SaldoFin="3450000.00" /><BCE:Ctas NumCta="301020200000" SaldoIni="3450000.00" Debe="0.00" Haber="0.00" SaldoFin="3450000.00" /><BCE:Ctas NumCta="301030000000" SaldoIni="0.00" Debe="0.00" Haber="0.00" SaldoFin="0.00" /><BCE:Ctas NumCta="301030100000" SaldoIni="0.00" Debe="0.00" Haber="0.00" SaldoFin="0.00" /><BCE:Ctas NumCta="301030200000" SaldoIni="0.00" Debe="0.00" Haber="0.00" SaldoFin="0.00" /><BCE:Ctas NumCta="303000000000" SaldoIni="0.00" Debe="0.00" Haber="0.00" SaldoFin="0.00" /><BCE:Ctas NumCta="303010000000" SaldoIni="0.00" Debe="0.00" Haber="0.00" SaldoFin="0.00" /><BCE:Ctas NumCta="304000000000" SaldoIni="60211024.05" Debe="0.00" Haber="0.00" SaldoFin="60211024.05" /><BCE:Ctas NumCta="304010000000" SaldoIni="60211024.05" Debe="0.00" Haber="0.00" SaldoFin="60211024.05" /><BCE:Ctas NumCta="304010100000" SaldoIni="256943.90" Debe="0.00" Haber="0.00" SaldoFin="256943.90" /><BCE:Ctas NumCta="304010200000" SaldoIni="1152098.31" Debe="0.00" Haber="0.00" SaldoFin="1152098.31" /><BCE:Ctas NumCta="304010300000" SaldoIni="2185349.63" Debe="0.00" Haber="0.00" SaldoFin="2185349.63" /><BCE:Ctas NumCta="304010400000" SaldoIni="2792655.68" Debe="0.00" Haber="0.00" SaldoFin="2792655.68" /><BCE:Ctas NumCta="304010500000" SaldoIni="3137587.98" Debe="0.00" Haber="0.00" SaldoFin="3137587.98" /><BCE:Ctas NumCta="304010600000" SaldoIni="4878473.25" Debe="0.00" Haber="0.00" SaldoFin="4878473.25" /><BCE:Ctas NumCta="304010700000" SaldoIni="4142408.16" Debe="0.00" Haber="0.00" SaldoFin="4142408.16" /><BCE:Ctas NumCta="304010800000" SaldoIni="0.00" Debe="0.00" Haber="0.00" SaldoFin="0.00" /><BCE:Ctas NumCta="304010900000" SaldoIni="5660164.40" Debe="0.00" Haber="0.00" SaldoFin="5660164.40" /><BCE:Ctas NumCta="304011000000" SaldoIni="10809388.79" Debe="0.00" Haber="0.00" SaldoFin="10809388.79" /><BCE:Ctas NumCta="304011100000" SaldoIni="8576242.72" Debe="0.00" Haber="0.00" SaldoFin="8576242.72" /><BCE:Ctas NumCta="304011200000" SaldoIni="10683831.66" Debe="0.00" Haber="0.00" SaldoFin="10683831.66" /><BCE:Ctas NumCta="304011300000" SaldoIni="5935879.57" Debe="0.00" Haber="0.00" SaldoFin="5935879.57" /><BCE:Ctas NumCta="304020000000" SaldoIni="0.00" Debe="0.00" Haber="0.00" SaldoFin="0.00" /><BCE:Ctas NumCta="304020100000" SaldoIni="0.00" Debe="0.00" Haber="0.00" SaldoFin="0.00" /><BCE:Ctas NumCta="304020200000" SaldoIni="0.00" Debe="0.00" Haber="0.00" SaldoFin="0.00" /><BCE:Ctas NumCta="304020300000" SaldoIni="0.00" Debe="0.00" Haber="0.00" SaldoFin="0.00" /><BCE:Ctas NumCta="304020400000" SaldoIni="0.00" Debe="0.00" Haber="0.00" SaldoFin="0.00" /><BCE:Ctas NumCta="304020500000" SaldoIni="0.00" Debe="0.00" Haber="0.00" SaldoFin="0.00" /><BCE:Ctas NumCta="304020600000" SaldoIni="0.00" Debe="0.00" Haber="0.00" SaldoFin="0.00" /><BCE:Ctas NumCta="304020700000" SaldoIni="0.00" Debe="0.00" Haber="0.00" SaldoFin="0.00" /><BCE:Ctas NumCta="305000000000" SaldoIni="0.00" Debe="0.00" Haber="0.00" SaldoFin="0.00" /><BCE:Ctas NumCta="305010000000" SaldoIni="0.00" Debe="0.00" Haber="0.00" SaldoFin="0.00" /><BCE:Ctas NumCta="305020000000" SaldoIni="0.00" Debe="0.00" Haber="0.00" SaldoFin="0.00" /><BCE:Ctas NumCta="400000000000" SaldoIni="0.00" Debe="0.00" Haber="0.00" SaldoFin="0.00" /><BCE:Ctas NumCta="401000000000" SaldoIni="0.00" Debe="0.00" Haber="21365239.26" SaldoFin="21365239.26" /><BCE:Ctas NumCta="401010000000" SaldoIni="0.00" Debe="0.00" Haber="5892691.53" SaldoFin="5892691.53" /><BCE:Ctas NumCta="401010200000" SaldoIni="0.00" Debe="0.00" Haber="864803.88" SaldoFin="864803.88" /><BCE:Ctas NumCta="401010300000" SaldoIni="0.00" Debe="0.00" Haber="499860.04" SaldoFin="499860.04" /><BCE:Ctas NumCta="401010500000" SaldoIni="0.00" Debe="0.00" Haber="1681444.50" SaldoFin="1681444.50" /><BCE:Ctas NumCta="401010600000" SaldoIni="0.00" Debe="0.00" Haber="2846583.11" SaldoFin="2846583.11" /><BCE:Ctas NumCta="401011600000" SaldoIni="0.00" Debe="0.00" Haber="0.00" SaldoFin="0.00" /><BCE:Ctas NumCta="401011900000" SaldoIni="0.00" Debe="0.00" Haber="0.00" SaldoFin="0.00" /><BCE:Ctas NumCta="401012200000" SaldoIni="0.00" Debe="0.00" Haber="0.00" SaldoFin="0.00" /><BCE:Ctas NumCta="401012600000" SaldoIni="0.00" Debe="0.00" Haber="0.00" SaldoFin="0.00" /><BCE:Ctas NumCta="401013000000" SaldoIni="0.00" Debe="0.00" Haber="0.00" SaldoFin="0.00" /><BCE:Ctas NumCta="401013200000" SaldoIni="0.00" Debe="0.00" Haber="0.00" SaldoFin="0.00" /><BCE:Ctas NumCta="401020000000" SaldoIni="0.00" Debe="0.00" Haber="1916849.59" SaldoFin="1916849.59" /><BCE:Ctas NumCta="401020200000" SaldoIni="0.00" Debe="0.00" Haber="519155.52" SaldoFin="519155.52" /><BCE:Ctas NumCta="401020300000" SaldoIni="0.00" Debe="0.00" Haber="464355.92" SaldoFin="464355.92" /><BCE:Ctas NumCta="401020500000" SaldoIni="0.00" Debe="0.00" Haber="895360.15" SaldoFin="895360.15" /><BCE:Ctas NumCta="401020600000" SaldoIni="0.00" Debe="0.00" Haber="37951.00" SaldoFin="37951.00" /><BCE:Ctas NumCta="401021600000" SaldoIni="0.00" Debe="0.00" Haber="0.00" SaldoFin="0.00" /><BCE:Ctas NumCta="401021900000" SaldoIni="0.00" Debe="0.00" Haber="0.00" SaldoFin="0.00" /><BCE:Ctas NumCta="401022200000" SaldoIni="0.00" Debe="0.00" Haber="0.00" SaldoFin="0.00" /><BCE:Ctas NumCta="401022600000" SaldoIni="0.00" Debe="0.00" Haber="0.00" SaldoFin="0.00" /><BCE:Ctas NumCta="401023000000" SaldoIni="0.00" Debe="0.00" Haber="0.00" SaldoFin="0.00" /><BCE:Ctas NumCta="401023200000" SaldoIni="0.00" Debe="0.00" Haber="27.00" SaldoFin="27.00" /><BCE:Ctas NumCta="401030000000" SaldoIni="0.00" Debe="0.00" Haber="6916791.58" SaldoFin="6916791.58" /><BCE:Ctas NumCta="401030200000" SaldoIni="0.00" Debe="0.00" Haber="655011.12" SaldoFin="655011.12" /><BCE:Ctas NumCta="401030300000" SaldoIni="0.00" Debe="0.00" Haber="77871.63" SaldoFin="77871.63" /><BCE:Ctas NumCta="401030500000" SaldoIni="0.00" Debe="0.00" Haber="6045408.83" SaldoFin="6045408.83" /><BCE:Ctas NumCta="401030600000" SaldoIni="0.00" Debe="0.00" Haber="138500.00" SaldoFin="138500.00" /><BCE:Ctas NumCta="401031600000" SaldoIni="0.00" Debe="0.00" Haber="0.00" SaldoFin="0.00" /><BCE:Ctas NumCta="401031900000" SaldoIni="0.00" Debe="0.00" Haber="0.00" SaldoFin="0.00" /><BCE:Ctas NumCta="401032200000" SaldoIni="0.00" Debe="0.00" Haber="0.00" SaldoFin="0.00" /><BCE:Ctas NumCta="401032600000" SaldoIni="0.00" Debe="0.00" Haber="0.00" SaldoFin="0.00" /><BCE:Ctas NumCta="401033000000" SaldoIni="0.00" Debe="0.00" Haber="0.00" SaldoFin="0.00" /><BCE:Ctas NumCta="401033200000" SaldoIni="0.00" Debe="0.00" Haber="0.00" SaldoFin="0.00" /><BCE:Ctas NumCta="401040000000" SaldoIni="0.00" Debe="0.00" Haber="6320621.24" SaldoFin="6320621.24" /><BCE:Ctas NumCta="401040200000" SaldoIni="0.00" Debe="0.00" Haber="199607.80" SaldoFin="199607.80" /><BCE:Ctas NumCta="401040300000" SaldoIni="0.00" Debe="0.00" Haber="64193.44" SaldoFin="64193.44" /><BCE:Ctas NumCta="401040500000" SaldoIni="0.00" Debe="0.00" Haber="325740.00" SaldoFin="325740.00" /><BCE:Ctas NumCta="401040600000" SaldoIni="0.00" Debe="0.00" Haber="5731080.00" SaldoFin="5731080.00" /><BCE:Ctas NumCta="401041600000" SaldoIni="0.00" Debe="0.00" Haber="0.00" SaldoFin="0.00" /><BCE:Ctas NumCta="401041900000" SaldoIni="0.00" Debe="0.00" Haber="0.00" SaldoFin="0.00" /><BCE:Ctas NumCta="401042200000" SaldoIni="0.00" Debe="0.00" Haber="0.00" SaldoFin="0.00" /><BCE:Ctas NumCta="401042600000" SaldoIni="0.00" Debe="0.00" Haber="0.00" SaldoFin="0.00" /><BCE:Ctas NumCta="401043000000" SaldoIni="0.00" Debe="0.00" Haber="0.00" SaldoFin="0.00" /><BCE:Ctas NumCta="401043200000" SaldoIni="0.00" Debe="0.00" Haber="0.00" SaldoFin="0.00" /><BCE:Ctas NumCta="401050000000" SaldoIni="0.00" Debe="0.00" Haber="318285.32" SaldoFin="318285.32" /><BCE:Ctas NumCta="401050200000" SaldoIni="0.00" Debe="0.00" Haber="315360.32" SaldoFin="315360.32" /><BCE:Ctas NumCta="401050300000" SaldoIni="0.00" Debe="0.00" Haber="2925.00" SaldoFin="2925.00" /><BCE:Ctas NumCta="401050500000" SaldoIni="0.00" Debe="0.00" Haber="0.00" SaldoFin="0.00" /><BCE:Ctas NumCta="401050600000" SaldoIni="0.00" Debe="0.00" Haber="0.00" SaldoFin="0.00" /><BCE:Ctas NumCta="401051600000" SaldoIni="0.00" Debe="0.00" Haber="0.00" SaldoFin="0.00" /><BCE:Ctas NumCta="401051900000" SaldoIni="0.00" Debe="0.00" Haber="0.00" SaldoFin="0.00" /><BCE:Ctas NumCta="401052200000" SaldoIni="0.00" Debe="0.00" Haber="0.00" SaldoFin="0.00" /><BCE:Ctas NumCta="401052600000" SaldoIni="0.00" Debe="0.00" Haber="0.00" SaldoFin="0.00" /><BCE:Ctas NumCta="401053000000" SaldoIni="0.00" Debe="0.00" Haber="0.00" SaldoFin="0.00" /><BCE:Ctas NumCta="401053200000" SaldoIni="0.00" Debe="0.00" Haber="0.00" SaldoFin="0.00" /><BCE:Ctas NumCta="401060000000" SaldoIni="0.00" Debe="0.00" Haber="0.00" SaldoFin="0.00" /><BCE:Ctas NumCta="401060200000" SaldoIni="0.00" Debe="0.00" Haber="0.00" SaldoFin="0.00" /><BCE:Ctas NumCta="401060300000" SaldoIni="0.00" Debe="0.00" Haber="0.00" SaldoFin="0.00" /><BCE:Ctas NumCta="401060500000" SaldoIni="0.00" Debe="0.00" Haber="0.00" SaldoFin="0.00" /><BCE:Ctas NumCta="401060600000" SaldoIni="0.00" Debe="0.00" Haber="0.00" SaldoFin="0.00" /><BCE:Ctas NumCta="401061600000" SaldoIni="0.00" Debe="0.00" Haber="0.00" SaldoFin="0.00" /><BCE:Ctas NumCta="401061900000" SaldoIni="0.00" Debe="0.00" Haber="0.00" SaldoFin="0.00" /><BCE:Ctas NumCta="401062200000" SaldoIni="0.00" Debe="0.00" Haber="0.00" SaldoFin="0.00" /><BCE:Ctas NumCta="401062600000" SaldoIni="0.00" Debe="0.00" Haber="0.00" SaldoFin="0.00" /><BCE:Ctas NumCta="401063000000" SaldoIni="0.00" Debe="0.00" Haber="0.00" SaldoFin="0.00" /><BCE:Ctas NumCta="401063200000" SaldoIni="0.00" Debe="0.00" Haber="0.00" SaldoFin="0.00" /><BCE:Ctas NumCta="401070000000" SaldoIni="0.00" Debe="0.00" Haber="0.00" SaldoFin="0.00" /><BCE:Ctas NumCta="401070200000" SaldoIni="0.00" Debe="0.00" Haber="0.00" SaldoFin="0.00" /><BCE:Ctas NumCta="401070300000" SaldoIni="0.00" Debe="0.00" Haber="0.00" SaldoFin="0.00" /><BCE:Ctas NumCta="401070500000" SaldoIni="0.00" Debe="0.00" Haber="0.00" SaldoFin="0.00" /><BCE:Ctas NumCta="401070600000" SaldoIni="0.00" Debe="0.00" Haber="0.00" SaldoFin="0.00" /><BCE:Ctas NumCta="401071600000" SaldoIni="0.00" Debe="0.00" Haber="0.00" SaldoFin="0.00" /><BCE:Ctas NumCta="401071900000" SaldoIni="0.00" Debe="0.00" Haber="0.00" SaldoFin="0.00" /><BCE:Ctas NumCta="401072200000" SaldoIni="0.00" Debe="0.00" Haber="0.00" SaldoFin="0.00" /><BCE:Ctas NumCta="401072600000" SaldoIni="0.00" Debe="0.00" Haber="0.00" SaldoFin="0.00" /><BCE:Ctas NumCta="401073000000" SaldoIni="0.00" Debe="0.00" Haber="0.00" SaldoFin="0.00" /><BCE:Ctas NumCta="401073200000" SaldoIni="0.00" Debe="0.00" Haber="0.00" SaldoFin="0.00" /><BCE:Ctas NumCta="402000000000" SaldoIni="0.00" Debe="125022.53" Haber="0.00" SaldoFin="125022.53" /><BCE:Ctas NumCta="402010000000" SaldoIni="0.00" Debe="50222.53" Haber="0.00" SaldoFin="50222.53" /><BCE:Ctas NumCta="402010100000" SaldoIni="0.00" Debe="1796.06" Haber="0.00" SaldoFin="1796.06" /><BCE:Ctas NumCta="402010200000" SaldoIni="0.00" Debe="48000.00" Haber="0.00" SaldoFin="48000.00" /><BCE:Ctas NumCta="402010300000" SaldoIni="0.00" Debe="426.47" Haber="0.00" SaldoFin="426.47" /><BCE:Ctas NumCta="402010400000" SaldoIni="0.00" Debe="0.00" Haber="0.00" SaldoFin="0.00" /><BCE:Ctas NumCta="402020000000" SaldoIni="0.00" Debe="26400.00" Haber="0.00" SaldoFin="26400.00" /><BCE:Ctas NumCta="402020100000" SaldoIni="0.00" Debe="0.00" Haber="0.00" SaldoFin="0.00" /><BCE:Ctas NumCta="402020200000" SaldoIni="0.00" Debe="0.00" Haber="0.00" SaldoFin="0.00" /><BCE:Ctas NumCta="402020300000" SaldoIni="0.00" Debe="0.00" Haber="0.00" SaldoFin="0.00" /><BCE:Ctas NumCta="402020400000" SaldoIni="0.00" Debe="26400.00" Haber="0.00" SaldoFin="26400.00" /><BCE:Ctas NumCta="402030000000" SaldoIni="0.00" Debe="42400.00" Haber="0.00" SaldoFin="42400.00" /><BCE:Ctas NumCta="402030100000" SaldoIni="0.00" Debe="0.00" Haber="0.00" SaldoFin="0.00" /><BCE:Ctas NumCta="402030200000" SaldoIni="0.00" Debe="0.00" Haber="0.00" SaldoFin="0.00" /><BCE:Ctas NumCta="402030300000" SaldoIni="0.00" Debe="0.00" Haber="0.00" SaldoFin="0.00" /><BCE:Ctas NumCta="402030400000" SaldoIni="0.00" Debe="42400.00" Haber="0.00" SaldoFin="42400.00" /><BCE:Ctas NumCta="402040000000" SaldoIni="0.00" Debe="6000.00" Haber="0.00" SaldoFin="6000.00" /><BCE:Ctas NumCta="402040100000" SaldoIni="0.00" Debe="0.00" Haber="0.00" SaldoFin="0.00" /><BCE:Ctas NumCta="402040200000" SaldoIni="0.00" Debe="0.00" Haber="0.00" SaldoFin="0.00" /><BCE:Ctas NumCta="402040300000" SaldoIni="0.00" Debe="0.00" Haber="0.00" SaldoFin="0.00" /><BCE:Ctas NumCta="402040400000" SaldoIni="0.00" Debe="6000.00" Haber="0.00" SaldoFin="6000.00" /><BCE:Ctas NumCta="402050000000" SaldoIni="0.00" Debe="0.00" Haber="0.00" SaldoFin="0.00" /><BCE:Ctas NumCta="402050100000" SaldoIni="0.00" Debe="0.00" Haber="0.00" SaldoFin="0.00" /><BCE:Ctas NumCta="402050200000" SaldoIni="0.00" Debe="0.00" Haber="0.00" SaldoFin="0.00" /><BCE:Ctas NumCta="402050300000" SaldoIni="0.00" Debe="0.00" Haber="0.00" SaldoFin="0.00" /><BCE:Ctas NumCta="402050400000" SaldoIni="0.00" Debe="0.00" Haber="0.00" SaldoFin="0.00" /><BCE:Ctas NumCta="402060000000" SaldoIni="0.00" Debe="0.00" Haber="0.00" SaldoFin="0.00" /><BCE:Ctas NumCta="402060100000" SaldoIni="0.00" Debe="0.00" Haber="0.00" SaldoFin="0.00" /><BCE:Ctas NumCta="402060200000" SaldoIni="0.00" Debe="0.00" Haber="0.00" SaldoFin="0.00" /><BCE:Ctas NumCta="402060300000" SaldoIni="0.00" Debe="0.00" Haber="0.00" SaldoFin="0.00" /><BCE:Ctas NumCta="402060400000" SaldoIni="0.00" Debe="0.00" Haber="0.00" SaldoFin="0.00" /><BCE:Ctas NumCta="402070000000" SaldoIni="0.00" Debe="0.00" Haber="0.00" SaldoFin="0.00" /><BCE:Ctas NumCta="402070100000" SaldoIni="0.00" Debe="0.00" Haber="0.00" SaldoFin="0.00" /><BCE:Ctas NumCta="402070200000" SaldoIni="0.00" Debe="0.00" Haber="0.00" SaldoFin="0.00" /><BCE:Ctas NumCta="402070300000" SaldoIni="0.00" Debe="0.00" Haber="0.00" SaldoFin="0.00" /><BCE:Ctas NumCta="402070400000" SaldoIni="0.00" Debe="0.00" Haber="0.00" SaldoFin="0.00" /><BCE:Ctas NumCta="403000000000" SaldoIni="0.00" Debe="0.00" Haber="0.00" SaldoFin="0.00" /><BCE:Ctas NumCta="403010000000" SaldoIni="0.00" Debe="0.00" Haber="0.00" SaldoFin="0.00" /><BCE:Ctas NumCta="403010100000" SaldoIni="0.00" Debe="0.00" Haber="0.00" SaldoFin="0.00" /><BCE:Ctas NumCta="403010200000" SaldoIni="0.00" Debe="0.00" Haber="0.00" SaldoFin="0.00" /><BCE:Ctas NumCta="403010300000" SaldoIni="0.00" Debe="0.00" Haber="0.00" SaldoFin="0.00" /><BCE:Ctas NumCta="403010400000" SaldoIni="0.00" Debe="0.00" Haber="0.00" SaldoFin="0.00" /><BCE:Ctas NumCta="403010500000" SaldoIni="0.00" Debe="0.00" Haber="0.00" SaldoFin="0.00" /><BCE:Ctas NumCta="500000000000" SaldoIni="0.00" Debe="0.00" Haber="0.00" SaldoFin="0.00" /><BCE:Ctas NumCta="501000000000" SaldoIni="0.00" Debe="17219792.09" Haber="177760.08" SaldoFin="17042032.01" /><BCE:Ctas NumCta="501010000000" SaldoIni="0.00" Debe="17219792.09" Haber="177760.08" SaldoFin="17042032.01" /><BCE:Ctas NumCta="501010100000" SaldoIni="0.00" Debe="4714286.21" Haber="92067.82" SaldoFin="4622218.39" /><BCE:Ctas NumCta="501010200000" SaldoIni="0.00" Debe="1501987.16" Haber="30972.40" SaldoFin="1471014.76" /><BCE:Ctas NumCta="501010300000" SaldoIni="0.00" Debe="5592654.43" Haber="44770.06" SaldoFin="5547884.37" /><BCE:Ctas NumCta="501010400000" SaldoIni="0.00" Debe="5208455.85" Haber="9949.80" SaldoFin="5198506.05" /><BCE:Ctas NumCta="501010500000" SaldoIni="0.00" Debe="202408.45" Haber="0.00" SaldoFin="202408.45" /><BCE:Ctas NumCta="501010600000" SaldoIni="0.00" Debe="0.00" Haber="0.00" SaldoFin="0.00" /><BCE:Ctas NumCta="501010700000" SaldoIni="0.00" Debe="0.00" Haber="0.00" SaldoFin="0.00" /><BCE:Ctas NumCta="503000000000" SaldoIni="0.00" Debe="0.00" Haber="792.25" SaldoFin="792.25" /><BCE:Ctas NumCta="503010000000" SaldoIni="0.00" Debe="0.00" Haber="792.25" SaldoFin="792.25" /><BCE:Ctas NumCta="503010100000" SaldoIni="0.00" Debe="0.00" Haber="792.25" SaldoFin="792.25" /><BCE:Ctas NumCta="503010200000" SaldoIni="0.00" Debe="0.00" Haber="0.00" SaldoFin="0.00" /><BCE:Ctas NumCta="503010300000" SaldoIni="0.00" Debe="0.00" Haber="0.00" SaldoFin="0.00" /><BCE:Ctas NumCta="503020000000" SaldoIni="0.00" Debe="0.00" Haber="0.00" SaldoFin="0.00" /><BCE:Ctas NumCta="503020100000" SaldoIni="0.00" Debe="0.00" Haber="0.00" SaldoFin="0.00" /><BCE:Ctas NumCta="503020200000" SaldoIni="0.00" Debe="0.00" Haber="0.00" SaldoFin="0.00" /><BCE:Ctas NumCta="503030000000" SaldoIni="0.00" Debe="0.00" Haber="0.00" SaldoFin="0.00" /><BCE:Ctas NumCta="503030100000" SaldoIni="0.00" Debe="0.00" Haber="0.00" SaldoFin="0.00" /><BCE:Ctas NumCta="503030200000" SaldoIni="0.00" Debe="0.00" Haber="0.00" SaldoFin="0.00" /><BCE:Ctas NumCta="503040000000" SaldoIni="0.00" Debe="0.00" Haber="0.00" SaldoFin="0.00" /><BCE:Ctas NumCta="503040100000" SaldoIni="0.00" Debe="0.00" Haber="0.00" SaldoFin="0.00" /><BCE:Ctas NumCta="503040200000" SaldoIni="0.00" Debe="0.00" Haber="0.00" SaldoFin="0.00" /><BCE:Ctas NumCta="503050000000" SaldoIni="0.00" Debe="0.00" Haber="0.00" SaldoFin="0.00" /><BCE:Ctas NumCta="503050100000" SaldoIni="0.00" Debe="0.00" Haber="0.00" SaldoFin="0.00" /><BCE:Ctas NumCta="503050200000" SaldoIni="0.00" Debe="0.00" Haber="0.00" SaldoFin="0.00" /><BCE:Ctas NumCta="505000000000" SaldoIni="0.00" Debe="0.00" Haber="0.00" SaldoFin="0.00" /><BCE:Ctas NumCta="505010000000" SaldoIni="0.00" Debe="0.00" Haber="0.00" SaldoFin="0.00" /><BCE:Ctas NumCta="505020000000" SaldoIni="0.00" Debe="0.00" Haber="0.00" SaldoFin="0.00" /><BCE:Ctas NumCta="600000000000" SaldoIni="0.00" Debe="0.00" Haber="0.00" SaldoFin="0.00" /><BCE:Ctas NumCta="602000000000" SaldoIni="0.00" Debe="1570170.28" Haber="50030.64" SaldoFin="1520139.65" /><BCE:Ctas NumCta="602010000000" SaldoIni="0.00" Debe="723838.61" Haber="20198.28" SaldoFin="703640.33" /><BCE:Ctas NumCta="602010100000" SaldoIni="0.00" Debe="351044.66" Haber="0.00" SaldoFin="351044.66" /><BCE:Ctas NumCta="602010200000" SaldoIni="0.00" Debe="111240.95" Haber="0.00" SaldoFin="111240.95" /><BCE:Ctas NumCta="602010300000" SaldoIni="0.00" Debe="187666.83" Haber="20198.28" SaldoFin="167468.55" /><BCE:Ctas NumCta="602010400000" SaldoIni="0.00" Debe="16222.10" Haber="0.00" SaldoFin="16222.10" /><BCE:Ctas NumCta="602010500000" SaldoIni="0.00" Debe="57664.07" Haber="0.00" SaldoFin="57664.07" /><BCE:Ctas NumCta="602020000000" SaldoIni="0.00" Debe="288485.72" Haber="13549.38" SaldoFin="274936.34" /><BCE:Ctas NumCta="602020100000" SaldoIni="0.00" Debe="186641.45" Haber="0.00" SaldoFin="186641.45" /><BCE:Ctas NumCta="602020200000" SaldoIni="0.00" Debe="50462.79" Haber="0.00" SaldoFin="50462.79" /><BCE:Ctas NumCta="602020300000" SaldoIni="0.00" Debe="51097.86" Haber="13549.38" SaldoFin="37548.48" /><BCE:Ctas NumCta="602020400000" SaldoIni="0.00" Debe="0.00" Haber="0.00" SaldoFin="0.00" /><BCE:Ctas NumCta="602020500000" SaldoIni="0.00" Debe="283.62" Haber="0.00" SaldoFin="283.62" /><BCE:Ctas NumCta="602030000000" SaldoIni="0.00" Debe="224864.75" Haber="9218.61" SaldoFin="215646.14" /><BCE:Ctas NumCta="602030100000" SaldoIni="0.00" Debe="125071.68" Haber="0.00" SaldoFin="125071.68" /><BCE:Ctas NumCta="602030200000" SaldoIni="0.00" Debe="40961.36" Haber="0.00" SaldoFin="40961.36" /><BCE:Ctas NumCta="602030300000" SaldoIni="0.00" Debe="50558.99" Haber="9218.61" SaldoFin="41340.38" /><BCE:Ctas NumCta="602030400000" SaldoIni="0.00" Debe="0.00" Haber="0.00" SaldoFin="0.00" /><BCE:Ctas NumCta="602030500000" SaldoIni="0.00" Debe="8272.72" Haber="0.00" SaldoFin="8272.72" /><BCE:Ctas NumCta="602040000000" SaldoIni="0.00" Debe="207685.38" Haber="5270.96" SaldoFin="202414.42" /><BCE:Ctas NumCta="602040100000" SaldoIni="0.00" Debe="102985.35" Haber="0.00" SaldoFin="102985.35" /><BCE:Ctas NumCta="602040200000" SaldoIni="0.00" Debe="35407.94" Haber="0.00" SaldoFin="35407.94" /><BCE:Ctas NumCta="602040300000" SaldoIni="0.00" Debe="55774.51" Haber="5270.96" SaldoFin="50503.55" /><BCE:Ctas NumCta="602040400000" SaldoIni="0.00" Debe="0.00" Haber="0.00" SaldoFin="0.00" /><BCE:Ctas NumCta="602040500000" SaldoIni="0.00" Debe="13517.58" Haber="0.00" SaldoFin="13517.58" /><BCE:Ctas NumCta="602050000000" SaldoIni="0.00" Debe="125295.82" Haber="1793.41" SaldoFin="123502.41" /><BCE:Ctas NumCta="602050100000" SaldoIni="0.00" Debe="0.00" Haber="0.00" SaldoFin="0.00" /><BCE:Ctas NumCta="602050200000" SaldoIni="0.00" Debe="35861.05" Haber="0.00" SaldoFin="35861.05" /><BCE:Ctas NumCta="602050300000" SaldoIni="0.00" Debe="54145.25" Haber="1793.41" SaldoFin="52351.84" /><BCE:Ctas NumCta="602050400000" SaldoIni="0.00" Debe="35092.11" Haber="0.00" SaldoFin="35092.11" /><BCE:Ctas NumCta="602050500000" SaldoIni="0.00" Debe="197.41" Haber="0.00" SaldoFin="197.41" /><BCE:Ctas NumCta="603000000000" SaldoIni="0.00" Debe="2816031.47" Haber="0.00" SaldoFin="2816031.47" /><BCE:Ctas NumCta="603010000000" SaldoIni="0.00" Debe="461560.95" Haber="0.00" SaldoFin="461560.95" /><BCE:Ctas NumCta="603020000000" SaldoIni="0.00" Debe="117244.93" Haber="0.00" SaldoFin="117244.93" /><BCE:Ctas NumCta="603030000000" SaldoIni="0.00" Debe="131599.47" Haber="0.00" SaldoFin="131599.47" /><BCE:Ctas NumCta="603040000000" SaldoIni="0.00" Debe="99721.36" Haber="0.00" SaldoFin="99721.36" /><BCE:Ctas NumCta="603050000000" SaldoIni="0.00" Debe="118543.89" Haber="0.00" SaldoFin="118543.89" /><BCE:Ctas NumCta="603100000000" SaldoIni="0.00" Debe="1887360.87" Haber="0.00" SaldoFin="1887360.87" /><BCE:Ctas NumCta="607000000000" SaldoIni="0.00" Debe="0.00" Haber="0.00" SaldoFin="0.00" /><BCE:Ctas NumCta="607010000000" SaldoIni="0.00" Debe="0.00" Haber="0.00" SaldoFin="0.00" /><BCE:Ctas NumCta="611000000000" SaldoIni="0.00" Debe="0.00" Haber="0.00" SaldoFin="0.00" /><BCE:Ctas NumCta="611010000000" SaldoIni="0.00" Debe="0.00" Haber="0.00" SaldoFin="0.00" /><BCE:Ctas NumCta="611020000000" SaldoIni="0.00" Debe="0.00" Haber="0.00" SaldoFin="0.00" /><BCE:Ctas NumCta="612000000000" SaldoIni="0.00" Debe="0.00" Haber="0.00" SaldoFin="0.00" /><BCE:Ctas NumCta="612010000000" SaldoIni="0.00" Debe="0.00" Haber="0.00" SaldoFin="0.00" /><BCE:Ctas NumCta="613000000000" SaldoIni="0.00" Debe="0.00" Haber="0.00" SaldoFin="0.00" /><BCE:Ctas NumCta="613010000000" SaldoIni="0.00" Debe="0.00" Haber="0.00" SaldoFin="0.00" /><BCE:Ctas NumCta="613020000000" SaldoIni="0.00" Debe="0.00" Haber="0.00" SaldoFin="0.00" /><BCE:Ctas NumCta="613030000000" SaldoIni="0.00" Debe="0.00" Haber="0.00" SaldoFin="0.00" /><BCE:Ctas NumCta="613040000000" SaldoIni="0.00" Debe="0.00" Haber="0.00" SaldoFin="0.00" /><BCE:Ctas NumCta="613050000000" SaldoIni="0.00" Debe="0.00" Haber="0.00" SaldoFin="0.00" /><BCE:Ctas NumCta="700000000000" SaldoIni="0.00" Debe="0.00" Haber="0.00" SaldoFin="0.00" /><BCE:Ctas NumCta="701000000000" SaldoIni="0.00" Debe="235134.97" Haber="0.00" SaldoFin="235134.97" /><BCE:Ctas NumCta="701010000000" SaldoIni="0.00" Debe="214498.21" Haber="0.00" SaldoFin="214498.21" /><BCE:Ctas NumCta="701010100000" SaldoIni="0.00" Debe="22181.37" Haber="0.00" SaldoFin="22181.37" /><BCE:Ctas NumCta="701010400000" SaldoIni="0.00" Debe="179051.48" Haber="0.00" SaldoFin="179051.48" /><BCE:Ctas NumCta="701010500000" SaldoIni="0.00" Debe="0.00" Haber="0.00" SaldoFin="0.00" /><BCE:Ctas NumCta="701010600000" SaldoIni="0.00" Debe="0.00" Haber="0.00" SaldoFin="0.00" /><BCE:Ctas NumCta="701010800000" SaldoIni="0.00" Debe="0.00" Haber="0.00" SaldoFin="0.00" /><BCE:Ctas NumCta="701011000000" SaldoIni="0.00" Debe="13265.36" Haber="0.00" SaldoFin="13265.36" /><BCE:Ctas NumCta="701011100000" SaldoIni="0.00" Debe="0.00" Haber="0.00" SaldoFin="0.00" /><BCE:Ctas NumCta="701020000000" SaldoIni="0.00" Debe="11475.04" Haber="0.00" SaldoFin="11475.04" /><BCE:Ctas NumCta="701020100000" SaldoIni="0.00" Debe="10827.08" Haber="0.00" SaldoFin="10827.08" /><BCE:Ctas NumCta="701020400000" SaldoIni="0.00" Debe="0.00" Haber="0.00" SaldoFin="0.00" /><BCE:Ctas NumCta="701020500000" SaldoIni="0.00" Debe="0.00" Haber="0.00" SaldoFin="0.00" /><BCE:Ctas NumCta="701020600000" SaldoIni="0.00" Debe="0.00" Haber="0.00" SaldoFin="0.00" /><BCE:Ctas NumCta="701020800000" SaldoIni="0.00" Debe="0.00" Haber="0.00" SaldoFin="0.00" /><BCE:Ctas NumCta="701021000000" SaldoIni="0.00" Debe="647.96" Haber="0.00" SaldoFin="647.96" /><BCE:Ctas NumCta="701021100000" SaldoIni="0.00" Debe="0.00" Haber="0.00" SaldoFin="0.00" /><BCE:Ctas NumCta="701030000000" SaldoIni="0.00" Debe="7796.96" Haber="0.00" SaldoFin="7796.96" /><BCE:Ctas NumCta="701030100000" SaldoIni="0.00" Debe="1416.79" Haber="0.00" SaldoFin="1416.79" /><BCE:Ctas NumCta="701030400000" SaldoIni="0.00" Debe="0.00" Haber="0.00" SaldoFin="0.00" /><BCE:Ctas NumCta="701030500000" SaldoIni="0.00" Debe="0.00" Haber="0.00" SaldoFin="0.00" /><BCE:Ctas NumCta="701030600000" SaldoIni="0.00" Debe="0.00" Haber="0.00" SaldoFin="0.00" /><BCE:Ctas NumCta="701030800000" SaldoIni="0.00" Debe="0.00" Haber="0.00" SaldoFin="0.00" /><BCE:Ctas NumCta="701031000000" SaldoIni="0.00" Debe="6380.17" Haber="0.00" SaldoFin="6380.17" /><BCE:Ctas NumCta="701031100000" SaldoIni="0.00" Debe="0.00" Haber="0.00" SaldoFin="0.00" /><BCE:Ctas NumCta="701040000000" SaldoIni="0.00" Debe="88.54" Haber="0.00" SaldoFin="88.54" /><BCE:Ctas NumCta="701040100000" SaldoIni="0.00" Debe="0.00" Haber="0.00" SaldoFin="0.00" /><BCE:Ctas NumCta="701040400000" SaldoIni="0.00" Debe="0.00" Haber="0.00" SaldoFin="0.00" /><BCE:Ctas NumCta="701040500000" SaldoIni="0.00" Debe="0.00" Haber="0.00" SaldoFin="0.00" /><BCE:Ctas NumCta="701040600000" SaldoIni="0.00" Debe="0.00" Haber="0.00" SaldoFin="0.00" /><BCE:Ctas NumCta="701040800000" SaldoIni="0.00" Debe="0.00" Haber="0.00" SaldoFin="0.00" /><BCE:Ctas NumCta="701041000000" SaldoIni="0.00" Debe="88.54" Haber="0.00" SaldoFin="88.54" /><BCE:Ctas NumCta="701041100000" SaldoIni="0.00" Debe="0.00" Haber="0.00" SaldoFin="0.00" /><BCE:Ctas NumCta="701050000000" SaldoIni="0.00" Debe="1276.22" Haber="0.00" SaldoFin="1276.22" /><BCE:Ctas NumCta="701050100000" SaldoIni="0.00" Debe="73.29" Haber="0.00" SaldoFin="73.29" /><BCE:Ctas NumCta="701050400000" SaldoIni="0.00" Debe="0.00" Haber="0.00" SaldoFin="0.00" /><BCE:Ctas NumCta="701050500000" SaldoIni="0.00" Debe="0.00" Haber="0.00" SaldoFin="0.00" /><BCE:Ctas NumCta="701050600000" SaldoIni="0.00" Debe="0.00" Haber="0.00" SaldoFin="0.00" /><BCE:Ctas NumCta="701050800000" SaldoIni="0.00" Debe="0.00" Haber="0.00" SaldoFin="0.00" /><BCE:Ctas NumCta="701051000000" SaldoIni="0.00" Debe="1202.93" Haber="0.00" SaldoFin="1202.93" /><BCE:Ctas NumCta="701051100000" SaldoIni="0.00" Debe="0.00" Haber="0.00" SaldoFin="0.00" /><BCE:Ctas NumCta="702000000000" SaldoIni="0.00" Debe="0.00" Haber="23929.08" SaldoFin="23929.08" /><BCE:Ctas NumCta="702010000000" SaldoIni="0.00" Debe="0.00" Haber="22134.09" SaldoFin="22134.09" /><BCE:Ctas NumCta="702010100000" SaldoIni="0.00" Debe="0.00" Haber="22127.14" SaldoFin="22127.14" /><BCE:Ctas NumCta="702010400000" SaldoIni="0.00" Debe="0.00" Haber="6.95" SaldoFin="6.95" /><BCE:Ctas NumCta="702010600000" SaldoIni="0.00" Debe="0.00" Haber="0.00" SaldoFin="0.00" /><BCE:Ctas NumCta="702010800000" SaldoIni="0.00" Debe="0.00" Haber="0.00" SaldoFin="0.00" /><BCE:Ctas NumCta="702011000000" SaldoIni="0.00" Debe="0.00" Haber="0.00" SaldoFin="0.00" /><BCE:Ctas NumCta="702020000000" SaldoIni="0.00" Debe="0.00" Haber="505.22" SaldoFin="505.22" /><BCE:Ctas NumCta="702020100000" SaldoIni="0.00" Debe="0.00" Haber="505.22" SaldoFin="505.22" /><BCE:Ctas NumCta="702020400000" SaldoIni="0.00" Debe="0.00" Haber="0.00" SaldoFin="0.00" /><BCE:Ctas NumCta="702020600000" SaldoIni="0.00" Debe="0.00" Haber="0.00" SaldoFin="0.00" /><BCE:Ctas NumCta="702020800000" SaldoIni="0.00" Debe="0.00" Haber="0.00" SaldoFin="0.00" /><BCE:Ctas NumCta="702021000000" SaldoIni="0.00" Debe="0.00" Haber="0.00" SaldoFin="0.00" /><BCE:Ctas NumCta="702030000000" SaldoIni="0.00" Debe="0.00" Haber="31.45" SaldoFin="31.45" /><BCE:Ctas NumCta="702030100000" SaldoIni="0.00" Debe="0.00" Haber="31.45" SaldoFin="31.45" /><BCE:Ctas NumCta="702030400000" SaldoIni="0.00" Debe="0.00" Haber="0.00" SaldoFin="0.00" /><BCE:Ctas NumCta="702030600000" SaldoIni="0.00" Debe="0.00" Haber="0.00" SaldoFin="0.00" /><BCE:Ctas NumCta="702030800000" SaldoIni="0.00" Debe="0.00" Haber="0.00" SaldoFin="0.00" /><BCE:Ctas NumCta="702031000000" SaldoIni="0.00" Debe="0.00" Haber="0.00" SaldoFin="0.00" /><BCE:Ctas NumCta="702040000000" SaldoIni="0.00" Debe="0.00" Haber="0.00" SaldoFin="0.00" /><BCE:Ctas NumCta="702040100000" SaldoIni="0.00" Debe="0.00" Haber="0.00" SaldoFin="0.00" /><BCE:Ctas NumCta="702040400000" SaldoIni="0.00" Debe="0.00" Haber="0.00" SaldoFin="0.00" /><BCE:Ctas NumCta="702040600000" SaldoIni="0.00" Debe="0.00" Haber="0.00" SaldoFin="0.00" /><BCE:Ctas NumCta="702040800000" SaldoIni="0.00" Debe="0.00" Haber="0.00" SaldoFin="0.00" /><BCE:Ctas NumCta="702041000000" SaldoIni="0.00" Debe="0.00" Haber="0.00" SaldoFin="0.00" /><BCE:Ctas NumCta="702050000000" SaldoIni="0.00" Debe="0.00" Haber="1258.32" SaldoFin="1258.32" /><BCE:Ctas NumCta="702050100000" SaldoIni="0.00" Debe="0.00" Haber="1258.32" SaldoFin="1258.32" /><BCE:Ctas NumCta="702050400000" SaldoIni="0.00" Debe="0.00" Haber="0.00" SaldoFin="0.00" /><BCE:Ctas NumCta="702050600000" SaldoIni="0.00" Debe="0.00" Haber="0.00" SaldoFin="0.00" /><BCE:Ctas NumCta="702050800000" SaldoIni="0.00" Debe="0.00" Haber="0.00" SaldoFin="0.00" /><BCE:Ctas NumCta="702051000000" SaldoIni="0.00" Debe="0.00" Haber="0.00" SaldoFin="0.00" /><BCE:Ctas NumCta="703000000000" SaldoIni="0.00" Debe="0.00" Haber="0.00" SaldoFin="0.00" /><BCE:Ctas NumCta="703030000000" SaldoIni="0.00" Debe="0.00" Haber="0.00" SaldoFin="0.00" /><BCE:Ctas NumCta="703040000000" SaldoIni="0.00" Debe="0.00" Haber="0.00" SaldoFin="0.00" /><BCE:Ctas NumCta="703050000000" SaldoIni="0.00" Debe="0.00" Haber="0.00" SaldoFin="0.00" /><BCE:Ctas NumCta="703060000000" SaldoIni="0.00" Debe="0.00" Haber="0.00" SaldoFin="0.00" /><BCE:Ctas NumCta="703210000000" SaldoIni="0.00" Debe="0.00" Haber="0.00" SaldoFin="0.00" /><BCE:Ctas NumCta="704000000000" SaldoIni="0.00" Debe="0.00" Haber="0.00" SaldoFin="0.00" /><BCE:Ctas NumCta="704030000000" SaldoIni="0.00" Debe="0.00" Haber="0.00" SaldoFin="0.00" /><BCE:Ctas NumCta="704040000000" SaldoIni="0.00" Debe="0.00" Haber="0.00" SaldoFin="0.00" /><BCE:Ctas NumCta="704050000000" SaldoIni="0.00" Debe="0.00" Haber="0.00" SaldoFin="0.00" /><BCE:Ctas NumCta="704060000000" SaldoIni="0.00" Debe="0.00" Haber="0.00" SaldoFin="0.00" /><BCE:Ctas NumCta="704210000000" SaldoIni="0.00" Debe="0.00" Haber="0.00" SaldoFin="0.00" /><BCE:Ctas NumCta="704220000000" SaldoIni="0.00" Debe="0.00" Haber="0.00" SaldoFin="0.00" /><BCE:Ctas NumCta="704230000000" SaldoIni="0.00" Debe="0.00" Haber="0.00" SaldoFin="0.00" /><BCE:Ctas NumCta="800000000000" SaldoIni="0.00" Debe="0.00" Haber="0.00" SaldoFin="0.00" /><BCE:Ctas NumCta="814000000000" SaldoIni="-0.00" Debe="291326.42" Haber="291326.42" SaldoFin="-0.00" /><BCE:Ctas NumCta="814010000000" SaldoIni="1771253.55" Debe="145663.21" Haber="291326.42" SaldoFin="1625590.34" /><BCE:Ctas NumCta="814010100000" SaldoIni="705241.84" Debe="0.00" Haber="145663.21" SaldoFin="559578.63" /><BCE:Ctas NumCta="814010200000" SaldoIni="0.00" Debe="0.00" Haber="0.00" SaldoFin="0.00" /><BCE:Ctas NumCta="814010300000" SaldoIni="266464.21" Debe="0.00" Haber="145663.21" SaldoFin="120801.00" /><BCE:Ctas NumCta="814010400000" SaldoIni="799547.50" Debe="145663.21" Haber="0.00" SaldoFin="945210.71" /><BCE:Ctas NumCta="814010500000" SaldoIni="0.00" Debe="0.00" Haber="0.00" SaldoFin="0.00" /><BCE:Ctas NumCta="814020000000" SaldoIni="1771253.55" Debe="145663.21" Haber="0.00" SaldoFin="1625590.34" /><BCE:Ctas NumCta="814020100000" SaldoIni="681254.42" Debe="145663.21" Haber="0.00" SaldoFin="535591.21" /><BCE:Ctas NumCta="814020200000" SaldoIni="-1.00" Debe="0.00" Haber="0.00" SaldoFin="-1.00" /><BCE:Ctas NumCta="814020300000" SaldoIni="120798.00" Debe="0.00" Haber="0.00" SaldoFin="120798.00" /><BCE:Ctas NumCta="814020400000" SaldoIni="969202.13" Debe="0.00" Haber="0.00" SaldoFin="969202.13" /><BCE:Ctas NumCta="814020500000" SaldoIni="0.00" Debe="0.00" Haber="0.00" SaldoFin="0.00" /><BCE:Ctas NumCta="899000000000" SaldoIni="19624.82" Debe="45512154.50" Haber="45511794.50" SaldoFin="19984.82" /><BCE:Ctas NumCta="899010000000" SaldoIni="1217301562.98" Debe="44036052.36" Haber="1539908.45" SaldoFin="1259797706.89" /><BCE:Ctas NumCta="899010100000" SaldoIni="303887867.17" Debe="11178138.52" Haber="1419125.18" SaldoFin="313646880.51" /><BCE:Ctas NumCta="899010200000" SaldoIni="110452838.91" Debe="2742732.86" Haber="1704.57" SaldoFin="113193867.20" /><BCE:Ctas NumCta="899010300000" SaldoIni="108496937.51" Debe="7013836.92" Haber="1939.32" SaldoFin="115508835.11" /><BCE:Ctas NumCta="899010400000" SaldoIni="87317450.33" Debe="3452980.38" Haber="42488.24" SaldoFin="90727942.47" /><BCE:Ctas NumCta="899010500000" SaldoIni="22746877.22" Debe="2335164.38" Haber="1724.14" SaldoFin="25080317.47" /><BCE:Ctas NumCta="899010600000" SaldoIni="289774.67" Debe="0.00" Haber="0.00" SaldoFin="289774.67" /><BCE:Ctas NumCta="899010700000" SaldoIni="1141555.27" Debe="14318.55" Haber="0.00" SaldoFin="1155873.82" /><BCE:Ctas NumCta="899011100000" SaldoIni="65013427.47" Debe="2709853.00" Haber="0.00" SaldoFin="67723280.47" /><BCE:Ctas NumCta="899011200000" SaldoIni="2203227.32" Debe="92653.53" Haber="0.00" SaldoFin="2295880.85" /><BCE:Ctas NumCta="899011300000" SaldoIni="101484218.16" Debe="6755181.59" Haber="72927.00" SaldoFin="108166472.75" /><BCE:Ctas NumCta="899011400000" SaldoIni="414261475.94" Debe="7741192.62" Haber="0.00" SaldoFin="422002668.56" /><BCE:Ctas NumCta="899011500000" SaldoIni="5913.01" Debe="0.00" Haber="0.00" SaldoFin="5913.01" /><BCE:Ctas NumCta="899011600000" SaldoIni="0.00" Debe="0.00" Haber="0.00" SaldoFin="0.00" /><BCE:Ctas NumCta="899020000000" SaldoIni="1217281938.16" Debe="1476102.14" Haber="43971886.05" SaldoFin="1259777722.07" /><BCE:Ctas NumCta="899020100000" SaldoIni="303853049.85" Debe="1419125.18" Haber="11178138.52" SaldoFin="313612063.19" /><BCE:Ctas NumCta="899020200000" SaldoIni="110457553.46" Debe="1704.57" Haber="2742732.86" SaldoFin="113198581.75" /><BCE:Ctas NumCta="899020300000" SaldoIni="108496937.51" Debe="1939.32" Haber="7013836.92" SaldoFin="115508835.11" /><BCE:Ctas NumCta="899020400000" SaldoIni="87318336.93" Debe="42488.24" Haber="3452980.38" SaldoFin="90728829.07" /><BCE:Ctas NumCta="899020500000" SaldoIni="22777153.08" Debe="1724.14" Haber="2335164.38" SaldoFin="25110593.33" /><BCE:Ctas NumCta="899020600000" SaldoIni="289774.67" Debe="0.00" Haber="0.00" SaldoFin="289774.67" /><BCE:Ctas NumCta="899020700000" SaldoIni="1141555.27" Debe="0.00" Haber="14318.55" SaldoFin="1155873.82" /><BCE:Ctas NumCta="899021100000" SaldoIni="66160233.79" Debe="2250.00" Haber="2533487.75" SaldoFin="68691471.54" /><BCE:Ctas NumCta="899021200000" SaldoIni="2196815.72" Debe="5200.00" Haber="86200.98" SaldoFin="2277816.70" /><BCE:Ctas NumCta="899021300000" SaldoIni="101682481.33" Debe="1670.69" Haber="6939383.08" SaldoFin="108620193.72" /><BCE:Ctas NumCta="899021400000" SaldoIni="412902133.54" Debe="0.00" Haber="7675642.62" SaldoFin="420577776.16" /><BCE:Ctas NumCta="899021500000" SaldoIni="5913.01" Debe="0.00" Haber="0.00" SaldoFin="5913.01" /><BCE:Ctas NumCta="899021600000" SaldoIni="0.00" Debe="0.00" Haber="0.00" SaldoFin="0.00" /></BCE:Balanza>